%YAML 1.1
%TAG !u! tag:unity3d.com,2011:
--- !u!1001 &100100000
Prefab:
  m_ObjectHideFlags: 1
  serializedVersion: 2
  m_Modification:
    m_TransformParent: {fileID: 0}
    m_Modifications: []
    m_RemovedComponents: []
  m_ParentPrefab: {fileID: 0}
  m_RootGameObject: {fileID: 1000013306925974}
  m_IsPrefabParent: 1
--- !u!1 &1000010841394832
GameObject:
  m_ObjectHideFlags: 0
  m_PrefabParentObject: {fileID: 0}
  m_PrefabInternal: {fileID: 100100000}
  serializedVersion: 4
  m_Component:
  - 4: {fileID: 4000012657721770}
  - 212: {fileID: 212000010615145848}
  - 95: {fileID: 95000011929865350}
  m_Layer: 0
  m_Name: skeleton_move_0
  m_TagString: Untagged
  m_Icon: {fileID: 0}
  m_NavMeshLayer: 0
  m_StaticEditorFlags: 0
  m_IsActive: 1
--- !u!1 &1000012182412780
GameObject:
  m_ObjectHideFlags: 0
  m_PrefabParentObject: {fileID: 0}
  m_PrefabInternal: {fileID: 100100000}
  serializedVersion: 4
  m_Component:
  - 4: {fileID: 4000013274401328}
  - 212: {fileID: 212000013284357170}
  - 114: {fileID: 114000011410296728}
  m_Layer: 0
  m_Name: dead
  m_TagString: Untagged
  m_Icon: {fileID: 0}
  m_NavMeshLayer: 0
  m_StaticEditorFlags: 0
  m_IsActive: 1
--- !u!1 &1000012569407478
GameObject:
  m_ObjectHideFlags: 0
  m_PrefabParentObject: {fileID: 0}
  m_PrefabInternal: {fileID: 100100000}
  serializedVersion: 4
  m_Component:
  - 4: {fileID: 4000010995578708}
  m_Layer: 0
  m_Name: Spawn
  m_TagString: Untagged
  m_Icon: {fileID: 0}
  m_NavMeshLayer: 0
  m_StaticEditorFlags: 0
  m_IsActive: 1
--- !u!1 &1000013306925974
GameObject:
  m_ObjectHideFlags: 0
  m_PrefabParentObject: {fileID: 0}
  m_PrefabInternal: {fileID: 100100000}
  serializedVersion: 4
  m_Component:
  - 4: {fileID: 4000012934507574}
  - 33: {fileID: 33000010317663814}
  - 136: {fileID: 136000011199226274}
  - 23: {fileID: 23000011032400974}
  - 195: {fileID: 195000014047501900}
  - 114: {fileID: 114000010012844692}
  - 136: {fileID: 136000013619671916}
  m_Layer: 0
  m_Name: EnemyZombieMelee
  m_TagString: Enemy
  m_Icon: {fileID: 0}
  m_NavMeshLayer: 0
  m_StaticEditorFlags: 0
  m_IsActive: 1
--- !u!1 &1000013523937838
GameObject:
  m_ObjectHideFlags: 1
  m_PrefabParentObject: {fileID: 0}
  m_PrefabInternal: {fileID: 100100000}
  serializedVersion: 4
  m_Component:
  - 4: {fileID: 4000011591544992}
  - 212: {fileID: 212000013203114888}
  m_Layer: 0
  m_Name: blood
  m_TagString: Untagged
  m_Icon: {fileID: 0}
  m_NavMeshLayer: 0
  m_StaticEditorFlags: 0
  m_IsActive: 1
--- !u!4 &4000010995578708
Transform:
  m_ObjectHideFlags: 1
  m_PrefabParentObject: {fileID: 0}
  m_PrefabInternal: {fileID: 100100000}
  m_GameObject: {fileID: 1000012569407478}
  m_LocalRotation: {x: -0.5, y: -0.5, z: -0.5, w: 0.5}
  m_LocalPosition: {x: 0, y: 0, z: 0.36}
  m_LocalScale: {x: 1, y: 1, z: 1}
  m_LocalEulerAnglesHint: {x: -90, y: -90, z: 0}
  m_Children: []
  m_Father: {fileID: 4000012934507574}
  m_RootOrder: 1
--- !u!4 &4000011591544992
Transform:
  m_ObjectHideFlags: 1
  m_PrefabParentObject: {fileID: 0}
  m_PrefabInternal: {fileID: 100100000}
  m_GameObject: {fileID: 1000013523937838}
  m_LocalRotation: {x: 0, y: 0, z: 0, w: 1}
  m_LocalPosition: {x: 0, y: 0, z: 0}
  m_LocalScale: {x: 1, y: 1, z: 1}
  m_LocalEulerAnglesHint: {x: 0, y: 0, z: 0}
  m_Children: []
  m_Father: {fileID: 4000013274401328}
  m_RootOrder: 0
--- !u!4 &4000012657721770
Transform:
  m_ObjectHideFlags: 1
  m_PrefabParentObject: {fileID: 0}
  m_PrefabInternal: {fileID: 100100000}
  m_GameObject: {fileID: 1000010841394832}
  m_LocalRotation: {x: 0, y: 0.7071068, z: -0.7071068, w: 0}
  m_LocalPosition: {x: 0, y: 0, z: 0}
  m_LocalScale: {x: 1, y: 1, z: 1}
  m_LocalEulerAnglesHint: {x: 90, y: 180, z: 0}
  m_Children: []
  m_Father: {fileID: 4000012934507574}
  m_RootOrder: 0
--- !u!4 &4000012934507574
Transform:
  m_ObjectHideFlags: 1
  m_PrefabParentObject: {fileID: 0}
  m_PrefabInternal: {fileID: 100100000}
  m_GameObject: {fileID: 1000013306925974}
  m_LocalRotation: {x: 0, y: 0, z: 0, w: 1}
  m_LocalPosition: {x: 2.3135576, y: 0.24, z: 5.24722}
  m_LocalScale: {x: 1, y: 1, z: 1}
  m_LocalEulerAnglesHint: {x: 0, y: 0, z: 0}
  m_Children:
  - {fileID: 4000012657721770}
  - {fileID: 4000010995578708}
  - {fileID: 4000013274401328}
  m_Father: {fileID: 0}
  m_RootOrder: 0
--- !u!4 &4000013274401328
Transform:
  m_ObjectHideFlags: 1
  m_PrefabParentObject: {fileID: 0}
  m_PrefabInternal: {fileID: 100100000}
  m_GameObject: {fileID: 1000012182412780}
  m_LocalRotation: {x: 0.7071068, y: -0, z: -0, w: 0.7071068}
  m_LocalPosition: {x: 0, y: 0, z: -0.243}
  m_LocalScale: {x: 0.20018, y: 0.20018023, z: 0.20018023}
  m_LocalEulerAnglesHint: {x: 90, y: 0, z: 0}
  m_Children:
  - {fileID: 4000011591544992}
  m_Father: {fileID: 4000012934507574}
  m_RootOrder: 2
--- !u!23 &23000011032400974
MeshRenderer:
  m_ObjectHideFlags: 1
  m_PrefabParentObject: {fileID: 0}
  m_PrefabInternal: {fileID: 100100000}
  m_GameObject: {fileID: 1000013306925974}
  m_Enabled: 0
  m_CastShadows: 1
  m_ReceiveShadows: 1
  m_MotionVectors: 1
  m_LightProbeUsage: 1
  m_ReflectionProbeUsage: 1
  m_Materials:
  - {fileID: 10303, guid: 0000000000000000f000000000000000, type: 0}
  m_SubsetIndices: 
  m_StaticBatchRoot: {fileID: 0}
  m_ProbeAnchor: {fileID: 0}
  m_LightProbeVolumeOverride: {fileID: 0}
  m_ScaleInLightmap: 1
  m_PreserveUVs: 1
  m_IgnoreNormalsForChartDetection: 0
  m_ImportantGI: 0
  m_SelectedWireframeHidden: 0
  m_MinimumChartSize: 4
  m_AutoUVMaxDistance: 0.5
  m_AutoUVMaxAngle: 89
  m_LightmapParameters: {fileID: 0}
  m_SortingLayerID: 0
  m_SortingOrder: 0
--- !u!33 &33000010317663814
MeshFilter:
  m_ObjectHideFlags: 1
  m_PrefabParentObject: {fileID: 0}
  m_PrefabInternal: {fileID: 100100000}
  m_GameObject: {fileID: 1000013306925974}
  m_Mesh: {fileID: 10208, guid: 0000000000000000e000000000000000, type: 0}
--- !u!95 &95000011929865350
Animator:
  serializedVersion: 3
  m_ObjectHideFlags: 1
  m_PrefabParentObject: {fileID: 0}
  m_PrefabInternal: {fileID: 100100000}
  m_GameObject: {fileID: 1000010841394832}
  m_Enabled: 1
  m_Avatar: {fileID: 0}
  m_Controller: {fileID: 9100000, guid: 333fecf5ce8d25b41841b2399b094960, type: 2}
  m_CullingMode: 0
  m_UpdateMode: 0
  m_ApplyRootMotion: 0
  m_LinearVelocityBlending: 0
  m_WarningMessage: 
  m_HasTransformHierarchy: 1
  m_AllowConstantClipSamplingOptimization: 1
--- !u!114 &114000010012844692
MonoBehaviour:
  m_ObjectHideFlags: 1
  m_PrefabParentObject: {fileID: 0}
  m_PrefabInternal: {fileID: 100100000}
  m_GameObject: {fileID: 1000013306925974}
  m_Enabled: 1
  m_EditorHideFlags: 0
  m_Script: {fileID: 11500000, guid: 2a8ae8cd2decb4449add566674c7e2e7, type: 3}
  m_Name: 
  m_EditorClassIdentifier: 
  agent: {fileID: 195000014047501900}
  target: {fileID: 0}
  state: 0
  Health: 60
  reload: 0
  shooter: 0
  spawn: {fileID: 4000010995578708}
  bulletObj: {fileID: 1000012693946568, guid: 63df2f7abecaf8e4698dffd8aa7bd7b1, type: 2}
  meleetObj: {fileID: 1000012271284250, guid: 940954a1eee4d164187f9436a690d09f, type: 2}
  anim: {fileID: 95000011929865350}
  SaveDestroy: 1
  attack: {fileID: 8300000, guid: 5a9f63d9f9173f6419b12c0c55023726, type: 3}
  die: {fileID: 8300000, guid: c2b37ae5e403a6943b74dbaa428e85a3, type: 3}
--- !u!114 &114000011410296728
MonoBehaviour:
  m_ObjectHideFlags: 1
  m_PrefabParentObject: {fileID: 0}
  m_PrefabInternal: {fileID: 100100000}
  m_GameObject: {fileID: 1000012182412780}
  m_Enabled: 1
  m_EditorHideFlags: 0
  m_Script: {fileID: 11500000, guid: 206f8bc9f6932a24eb410df8d6faa574, type: 3}
  m_Name: 
  m_EditorClassIdentifier: 
--- !u!136 &136000011199226274
CapsuleCollider:
  m_ObjectHideFlags: 1
  m_PrefabParentObject: {fileID: 0}
  m_PrefabInternal: {fileID: 100100000}
  m_GameObject: {fileID: 1000013306925974}
  m_Material: {fileID: 0}
  m_IsTrigger: 0
  m_Enabled: 1
  m_Radius: 0.52
  m_Height: 2
  m_Direction: 1
  m_Center: {x: 0, y: 0, z: 0}
--- !u!136 &136000013619671916
CapsuleCollider:
  m_ObjectHideFlags: 1
  m_PrefabParentObject: {fileID: 0}
  m_PrefabInternal: {fileID: 100100000}
  m_GameObject: {fileID: 1000013306925974}
  m_Material: {fileID: 0}
  m_IsTrigger: 1
  m_Enabled: 1
  m_Radius: 0.69
  m_Height: 2
  m_Direction: 1
  m_Center: {x: 0, y: 0, z: 0}
--- !u!195 &195000014047501900
NavMeshAgent:
  m_ObjectHideFlags: 1
  m_PrefabParentObject: {fileID: 0}
  m_PrefabInternal: {fileID: 100100000}
  m_GameObject: {fileID: 1000013306925974}
  m_Enabled: 1
  m_Radius: 0.3
  m_Speed: 1
  m_Acceleration: 8
  avoidancePriority: 50
  m_AngularSpeed: 1000
  m_StoppingDistance: 1
  m_AutoTraverseOffMeshLink: 1
  m_AutoBraking: 1
  m_AutoRepath: 1
  m_Height: 2
  m_BaseOffset: 1
  m_WalkableMask: 4294967295
  m_ObstacleAvoidanceType: 4
--- !u!212 &212000010615145848
SpriteRenderer:
  m_ObjectHideFlags: 1
  m_PrefabParentObject: {fileID: 0}
  m_PrefabInternal: {fileID: 100100000}
  m_GameObject: {fileID: 1000010841394832}
  m_Enabled: 1
  m_CastShadows: 0
  m_ReceiveShadows: 0
  m_MotionVectors: 1
  m_LightProbeUsage: 0
  m_ReflectionProbeUsage: 0
  m_Materials:
  - {fileID: 10754, guid: 0000000000000000f000000000000000, type: 0}
  m_SubsetIndices: 
  m_StaticBatchRoot: {fileID: 0}
  m_ProbeAnchor: {fileID: 0}
  m_LightProbeVolumeOverride: {fileID: 0}
  m_ScaleInLightmap: 1
  m_PreserveUVs: 0
  m_IgnoreNormalsForChartDetection: 0
  m_ImportantGI: 0
  m_SelectedWireframeHidden: 1
  m_MinimumChartSize: 4
  m_AutoUVMaxDistance: 0.5
  m_AutoUVMaxAngle: 89
  m_LightmapParameters: {fileID: 0}
  m_SortingLayerID: 0
  m_SortingOrder: 2
  m_Sprite: {fileID: 21300000, guid: adfdf7bbe38a5fa49b49defe245e8b04, type: 3}
  m_Color: {r: 1, g: 1, b: 1, a: 1}
  m_FlipX: 0
  m_FlipY: 0
--- !u!212 &212000013203114888
SpriteRenderer:
  m_ObjectHideFlags: 1
  m_PrefabParentObject: {fileID: 0}
  m_PrefabInternal: {fileID: 100100000}
  m_GameObject: {fileID: 1000013523937838}
  m_Enabled: 0
  m_CastShadows: 0
  m_ReceiveShadows: 0
  m_MotionVectors: 1
  m_LightProbeUsage: 0
  m_ReflectionProbeUsage: 0
  m_Materials:
  - {fileID: 10754, guid: 0000000000000000f000000000000000, type: 0}
  m_SubsetIndices: 
  m_StaticBatchRoot: {fileID: 0}
  m_ProbeAnchor: {fileID: 0}
  m_LightProbeVolumeOverride: {fileID: 0}
  m_ScaleInLightmap: 1
  m_PreserveUVs: 0
  m_IgnoreNormalsForChartDetection: 0
  m_ImportantGI: 0
  m_SelectedWireframeHidden: 1
  m_MinimumChartSize: 4
  m_AutoUVMaxDistance: 0.5
  m_AutoUVMaxAngle: 89
  m_LightmapParameters: {fileID: 0}
  m_SortingLayerID: 0
  m_SortingOrder: -2
  m_Sprite: {fileID: 21300000, guid: fefc4331245ab2c44883e195daad370c, type: 3}
  m_Color: {r: 1, g: 1, b: 1, a: 1}
  m_FlipX: 0
  m_FlipY: 0
--- !u!212 &212000013284357170
SpriteRenderer:
  m_ObjectHideFlags: 1
  m_PrefabParentObject: {fileID: 0}
  m_PrefabInternal: {fileID: 100100000}
  m_GameObject: {fileID: 1000012182412780}
  m_Enabled: 0
  m_CastShadows: 0
  m_ReceiveShadows: 0
  m_MotionVectors: 1
  m_LightProbeUsage: 0
  m_ReflectionProbeUsage: 0
  m_Materials:
  - {fileID: 10754, guid: 0000000000000000f000000000000000, type: 0}
  m_SubsetIndices: 
  m_StaticBatchRoot: {fileID: 0}
  m_ProbeAnchor: {fileID: 0}
  m_LightProbeVolumeOverride: {fileID: 0}
  m_ScaleInLightmap: 1
  m_PreserveUVs: 0
  m_IgnoreNormalsForChartDetection: 0
  m_ImportantGI: 0
  m_SelectedWireframeHidden: 1
  m_MinimumChartSize: 4
  m_AutoUVMaxDistance: 0.5
  m_AutoUVMaxAngle: 89
  m_LightmapParameters: {fileID: 0}
  m_SortingLayerID: 0
  m_SortingOrder: -1
  m_Sprite: {fileID: 21300002, guid: e3ac50bed8843f14ba85851be73ede96, type: 3}
  m_Color: {r: 1, g: 1, b: 1, a: 1}
  m_FlipX: 0
  m_FlipY: 1
