%YAML 1.1
%TAG !u! tag:unity3d.com,2011:
--- !u!29 &1
OcclusionCullingSettings:
  m_ObjectHideFlags: 0
  serializedVersion: 2
  m_OcclusionBakeSettings:
    smallestOccluder: 5
    smallestHole: 0.25
    backfaceThreshold: 100
  m_SceneGUID: 00000000000000000000000000000000
  m_OcclusionCullingData: {fileID: 0}
--- !u!104 &2
RenderSettings:
  m_ObjectHideFlags: 0
  serializedVersion: 8
  m_Fog: 0
  m_FogColor: {r: 0.5, g: 0.5, b: 0.5, a: 1}
  m_FogMode: 3
  m_FogDensity: 0.01
  m_LinearFogStart: 0
  m_LinearFogEnd: 300
  m_AmbientSkyColor: {r: 0.212, g: 0.227, b: 0.259, a: 1}
  m_AmbientEquatorColor: {r: 0.114, g: 0.125, b: 0.133, a: 1}
  m_AmbientGroundColor: {r: 0.047, g: 0.043, b: 0.035, a: 1}
  m_AmbientIntensity: 1
  m_AmbientMode: 3
  m_SubtractiveShadowColor: {r: 0.42, g: 0.478, b: 0.627, a: 1}
  m_SkyboxMaterial: {fileID: 0}
  m_HaloStrength: 0.5
  m_FlareStrength: 1
  m_FlareFadeSpeed: 3
  m_HaloTexture: {fileID: 0}
  m_SpotCookie: {fileID: 10001, guid: 0000000000000000e000000000000000, type: 0}
  m_DefaultReflectionMode: 0
  m_DefaultReflectionResolution: 128
  m_ReflectionBounces: 1
  m_ReflectionIntensity: 1
  m_CustomReflection: {fileID: 0}
  m_Sun: {fileID: 0}
  m_IndirectSpecularColor: {r: 0, g: 0, b: 0, a: 1}
--- !u!157 &3
LightmapSettings:
  m_ObjectHideFlags: 0
  serializedVersion: 9
  m_GIWorkflowMode: 1
  m_GISettings:
    serializedVersion: 2
    m_BounceScale: 1
    m_IndirectOutputScale: 1
    m_AlbedoBoost: 1
    m_TemporalCoherenceThreshold: 1
    m_EnvironmentLightingMode: 0
    m_EnableBakedLightmaps: 0
    m_EnableRealtimeLightmaps: 0
  m_LightmapEditorSettings:
    serializedVersion: 8
    m_Resolution: 2
    m_BakeResolution: 40
    m_TextureWidth: 1024
    m_TextureHeight: 1024
    m_AO: 0
    m_AOMaxDistance: 1
    m_CompAOExponent: 1
    m_CompAOExponentDirect: 0
    m_Padding: 2
    m_LightmapParameters: {fileID: 0}
    m_LightmapsBakeMode: 1
    m_TextureCompression: 1
    m_FinalGather: 0
    m_FinalGatherFiltering: 1
    m_FinalGatherRayCount: 256
    m_ReflectionCompression: 2
    m_MixedBakeMode: 1
    m_BakeBackend: 0
    m_PVRSampling: 1
    m_PVRDirectSampleCount: 32
    m_PVRSampleCount: 500
    m_PVRBounces: 2
    m_PVRFiltering: 0
    m_PVRFilteringMode: 1
    m_PVRCulling: 1
    m_PVRFilteringGaussRadiusDirect: 1
    m_PVRFilteringGaussRadiusIndirect: 5
    m_PVRFilteringGaussRadiusAO: 2
    m_PVRFilteringAtrousColorSigma: 1
    m_PVRFilteringAtrousNormalSigma: 1
    m_PVRFilteringAtrousPositionSigma: 1
  m_LightingDataAsset: {fileID: 0}
  m_ShadowMaskMode: 2
--- !u!196 &4
NavMeshSettings:
  serializedVersion: 2
  m_ObjectHideFlags: 0
  m_BuildSettings:
    serializedVersion: 2
    agentTypeID: 0
    agentRadius: 0.5
    agentHeight: 2
    agentSlope: 36.6
    agentClimb: 0.4
    ledgeDropHeight: 0
    maxJumpAcrossDistance: 0
    minRegionArea: 2
    manualCellSize: 0
    cellSize: 0.16666667
    manualTileSize: 0
    tileSize: 256
    accuratePlacement: 0
  m_NavMeshData: {fileID: 23800000, guid: ab0613ce2f2e3ac4291dbb4a38a3553c, type: 2}
--- !u!1001 &18976404
Prefab:
  m_ObjectHideFlags: 0
  serializedVersion: 2
  m_Modification:
    m_TransformParent: {fileID: 0}
    m_Modifications:
    - target: {fileID: 4000010802664650, guid: d8c2283492bda50488a97ee841acb00a, type: 2}
      propertyPath: m_LocalPosition.x
      value: 4.87
      objectReference: {fileID: 0}
    - target: {fileID: 4000010802664650, guid: d8c2283492bda50488a97ee841acb00a, type: 2}
      propertyPath: m_LocalPosition.y
      value: 0.78419286
      objectReference: {fileID: 0}
    - target: {fileID: 4000010802664650, guid: d8c2283492bda50488a97ee841acb00a, type: 2}
      propertyPath: m_LocalPosition.z
      value: 6.32
      objectReference: {fileID: 0}
    - target: {fileID: 4000010802664650, guid: d8c2283492bda50488a97ee841acb00a, type: 2}
      propertyPath: m_LocalRotation.x
      value: 0
      objectReference: {fileID: 0}
    - target: {fileID: 4000010802664650, guid: d8c2283492bda50488a97ee841acb00a, type: 2}
      propertyPath: m_LocalRotation.y
      value: 1
      objectReference: {fileID: 0}
    - target: {fileID: 4000010802664650, guid: d8c2283492bda50488a97ee841acb00a, type: 2}
      propertyPath: m_LocalRotation.z
      value: 0
      objectReference: {fileID: 0}
    - target: {fileID: 4000010802664650, guid: d8c2283492bda50488a97ee841acb00a, type: 2}
      propertyPath: m_LocalRotation.w
      value: 0
      objectReference: {fileID: 0}
    - target: {fileID: 4000010802664650, guid: d8c2283492bda50488a97ee841acb00a, type: 2}
      propertyPath: m_RootOrder
      value: 11
      objectReference: {fileID: 0}
    - target: {fileID: 114000013541829820, guid: d8c2283492bda50488a97ee841acb00a,
        type: 2}
      propertyPath: nextSceneName
      value: dungeon1
      objectReference: {fileID: 0}
    - target: {fileID: 212000014156229470, guid: d8c2283492bda50488a97ee841acb00a,
        type: 2}
      propertyPath: m_FlipX
      value: 1
      objectReference: {fileID: 0}
    - target: {fileID: 212000014156229470, guid: d8c2283492bda50488a97ee841acb00a,
        type: 2}
      propertyPath: m_FlipY
      value: 0
      objectReference: {fileID: 0}
    - target: {fileID: 4000010802664650, guid: d8c2283492bda50488a97ee841acb00a, type: 2}
      propertyPath: m_LocalEulerAnglesHint.y
      value: 180
      objectReference: {fileID: 0}
    - target: {fileID: 4000014209872564, guid: d8c2283492bda50488a97ee841acb00a, type: 2}
      propertyPath: m_LocalScale.y
      value: 0.7
      objectReference: {fileID: 0}
    - target: {fileID: 4000014209872564, guid: d8c2283492bda50488a97ee841acb00a, type: 2}
      propertyPath: m_LocalPosition.z
      value: -0.491
      objectReference: {fileID: 0}
    - target: {fileID: 4000014209872564, guid: d8c2283492bda50488a97ee841acb00a, type: 2}
      propertyPath: m_LocalPosition.y
      value: -0.013
      objectReference: {fileID: 0}
    - target: {fileID: 1000010733978864, guid: d8c2283492bda50488a97ee841acb00a, type: 2}
      propertyPath: m_Name
      value: TheDoorHorizontal
      objectReference: {fileID: 0}
    - target: {fileID: 4000010802664650, guid: d8c2283492bda50488a97ee841acb00a, type: 2}
      propertyPath: m_LocalEulerAnglesHint.x
      value: 0
      objectReference: {fileID: 0}
    - target: {fileID: 4000010802664650, guid: d8c2283492bda50488a97ee841acb00a, type: 2}
      propertyPath: m_LocalEulerAnglesHint.z
      value: 0
      objectReference: {fileID: 0}
    - target: {fileID: 114000013332045000, guid: d8c2283492bda50488a97ee841acb00a,
        type: 2}
      propertyPath: openDoor
      value: 
      objectReference: {fileID: 21300000, guid: 2c5f10af402373c4d90fb602460072ed,
        type: 3}
    - target: {fileID: 114000013332045000, guid: d8c2283492bda50488a97ee841acb00a,
        type: 2}
      propertyPath: closeDoor
      value: 
      objectReference: {fileID: 21300002, guid: 2c5f10af402373c4d90fb602460072ed,
        type: 3}
    - target: {fileID: 212000014156229470, guid: d8c2283492bda50488a97ee841acb00a,
        type: 2}
      propertyPath: m_Sprite
      value: 
      objectReference: {fileID: 21300002, guid: 2c5f10af402373c4d90fb602460072ed,
        type: 3}
    m_RemovedComponents: []
  m_ParentPrefab: {fileID: 100100000, guid: d8c2283492bda50488a97ee841acb00a, type: 2}
  m_IsPrefabParent: 0
--- !u!1001 &84501964
Prefab:
  m_ObjectHideFlags: 0
  serializedVersion: 2
  m_Modification:
    m_TransformParent: {fileID: 0}
    m_Modifications:
    - target: {fileID: 4000013940731176, guid: 80867a08a569d64408b7eea74b7d660e, type: 2}
      propertyPath: m_LocalPosition.x
      value: 1.399
      objectReference: {fileID: 0}
    - target: {fileID: 4000013940731176, guid: 80867a08a569d64408b7eea74b7d660e, type: 2}
      propertyPath: m_LocalPosition.y
      value: 1.402
      objectReference: {fileID: 0}
    - target: {fileID: 4000013940731176, guid: 80867a08a569d64408b7eea74b7d660e, type: 2}
      propertyPath: m_LocalPosition.z
      value: 4.455
      objectReference: {fileID: 0}
    - target: {fileID: 4000013940731176, guid: 80867a08a569d64408b7eea74b7d660e, type: 2}
      propertyPath: m_LocalRotation.x
      value: 0.57913196
      objectReference: {fileID: 0}
    - target: {fileID: 4000013940731176, guid: 80867a08a569d64408b7eea74b7d660e, type: 2}
      propertyPath: m_LocalRotation.y
      value: 0.405647
      objectReference: {fileID: 0}
    - target: {fileID: 4000013940731176, guid: 80867a08a569d64408b7eea74b7d660e, type: 2}
      propertyPath: m_LocalRotation.z
      value: -0.4055125
      objectReference: {fileID: 0}
    - target: {fileID: 4000013940731176, guid: 80867a08a569d64408b7eea74b7d660e, type: 2}
      propertyPath: m_LocalRotation.w
      value: 0.57932407
      objectReference: {fileID: 0}
    - target: {fileID: 4000013940731176, guid: 80867a08a569d64408b7eea74b7d660e, type: 2}
      propertyPath: m_RootOrder
      value: 13
      objectReference: {fileID: 0}
    - target: {fileID: 4000013940731176, guid: 80867a08a569d64408b7eea74b7d660e, type: 2}
      propertyPath: m_LocalEulerAnglesHint.y
      value: 70
      objectReference: {fileID: 0}
    - target: {fileID: 212000013795204614, guid: 80867a08a569d64408b7eea74b7d660e,
        type: 2}
      propertyPath: m_SortingOrder
      value: -2
      objectReference: {fileID: 0}
    m_RemovedComponents: []
  m_ParentPrefab: {fileID: 100100000, guid: 80867a08a569d64408b7eea74b7d660e, type: 2}
  m_IsPrefabParent: 0
--- !u!1001 &116950362
Prefab:
  m_ObjectHideFlags: 0
  serializedVersion: 2
  m_Modification:
    m_TransformParent: {fileID: 0}
    m_Modifications:
    - target: {fileID: 4000012934507574, guid: d8d64f8f9a8fe764d8272b640ba5b401, type: 2}
      propertyPath: m_LocalPosition.x
      value: -1.32
      objectReference: {fileID: 0}
    - target: {fileID: 4000012934507574, guid: d8d64f8f9a8fe764d8272b640ba5b401, type: 2}
      propertyPath: m_LocalPosition.y
      value: 1
      objectReference: {fileID: 0}
    - target: {fileID: 4000012934507574, guid: d8d64f8f9a8fe764d8272b640ba5b401, type: 2}
      propertyPath: m_LocalPosition.z
      value: 5
      objectReference: {fileID: 0}
    - target: {fileID: 4000012934507574, guid: d8d64f8f9a8fe764d8272b640ba5b401, type: 2}
      propertyPath: m_LocalRotation.x
      value: 0
      objectReference: {fileID: 0}
    - target: {fileID: 4000012934507574, guid: d8d64f8f9a8fe764d8272b640ba5b401, type: 2}
      propertyPath: m_LocalRotation.y
      value: 0
      objectReference: {fileID: 0}
    - target: {fileID: 4000012934507574, guid: d8d64f8f9a8fe764d8272b640ba5b401, type: 2}
      propertyPath: m_LocalRotation.z
      value: 0
      objectReference: {fileID: 0}
    - target: {fileID: 4000012934507574, guid: d8d64f8f9a8fe764d8272b640ba5b401, type: 2}
      propertyPath: m_LocalRotation.w
      value: 1
      objectReference: {fileID: 0}
    - target: {fileID: 4000012934507574, guid: d8d64f8f9a8fe764d8272b640ba5b401, type: 2}
      propertyPath: m_RootOrder
      value: 14
      objectReference: {fileID: 0}
    m_RemovedComponents: []
  m_ParentPrefab: {fileID: 100100000, guid: d8d64f8f9a8fe764d8272b640ba5b401, type: 2}
  m_IsPrefabParent: 0
--- !u!1 &183801184
GameObject:
  m_ObjectHideFlags: 0
  m_PrefabParentObject: {fileID: 0}
  m_PrefabInternal: {fileID: 0}
  serializedVersion: 5
  m_Component:
  - component: {fileID: 183801185}
  - component: {fileID: 183801187}
  - component: {fileID: 183801186}
  m_Layer: 8
  m_Name: leftwall
  m_TagString: Untagged
  m_Icon: {fileID: 0}
  m_NavMeshLayer: 0
  m_StaticEditorFlags: 0
  m_IsActive: 1
--- !u!4 &183801185
Transform:
  m_ObjectHideFlags: 0
  m_PrefabParentObject: {fileID: 0}
  m_PrefabInternal: {fileID: 0}
  m_GameObject: {fileID: 183801184}
  m_LocalRotation: {x: -0, y: 0.7071068, z: -0, w: 0.7071068}
  m_LocalPosition: {x: -0.532, y: 21.6, z: -1.016}
  m_LocalScale: {x: 1.0381904, y: 43.936195, z: 0.066608034}
  m_Children: []
  m_Father: {fileID: 1315561638}
  m_RootOrder: 1
  m_LocalEulerAnglesHint: {x: 0, y: 90, z: 0}
--- !u!114 &183801186
MonoBehaviour:
  m_ObjectHideFlags: 0
  m_PrefabParentObject: {fileID: 0}
  m_PrefabInternal: {fileID: 0}
  m_GameObject: {fileID: 183801184}
  m_Enabled: 1
  m_EditorHideFlags: 0
  m_Script: {fileID: 11500000, guid: cc11bdcee442bfb45a427cde2f46a690, type: 3}
  m_Name: 
  m_EditorClassIdentifier: 
--- !u!65 &183801187
BoxCollider:
  m_ObjectHideFlags: 0
  m_PrefabParentObject: {fileID: 0}
  m_PrefabInternal: {fileID: 0}
  m_GameObject: {fileID: 183801184}
  m_Material: {fileID: 0}
  m_IsTrigger: 0
  m_Enabled: 1
  serializedVersion: 2
  m_Size: {x: 1, y: 1, z: 1}
  m_Center: {x: 0, y: 0, z: 0}
--- !u!1 &269539266
GameObject:
  m_ObjectHideFlags: 0
  m_PrefabParentObject: {fileID: 0}
  m_PrefabInternal: {fileID: 0}
  serializedVersion: 5
  m_Component:
  - component: {fileID: 269539268}
  - component: {fileID: 269539267}
  m_Layer: 0
  m_Name: GameTexts
  m_TagString: Untagged
  m_Icon: {fileID: 0}
  m_NavMeshLayer: 0
  m_StaticEditorFlags: 0
  m_IsActive: 1
--- !u!114 &269539267
MonoBehaviour:
  m_ObjectHideFlags: 0
  m_PrefabParentObject: {fileID: 0}
  m_PrefabInternal: {fileID: 0}
  m_GameObject: {fileID: 269539266}
  m_Enabled: 1
  m_EditorHideFlags: 0
  m_Script: {fileID: 11500000, guid: 667afebe871390d47a75200f6b1254a0, type: 3}
  m_Name: 
  m_EditorClassIdentifier: 
  hlavaKecy: []
--- !u!4 &269539268
Transform:
  m_ObjectHideFlags: 0
  m_PrefabParentObject: {fileID: 0}
  m_PrefabInternal: {fileID: 0}
  m_GameObject: {fileID: 269539266}
  m_LocalRotation: {x: 0, y: 0, z: 0, w: 1}
  m_LocalPosition: {x: 375, y: 211, z: 0}
  m_LocalScale: {x: 1, y: 1, z: 1}
  m_Children: []
  m_Father: {fileID: 0}
  m_RootOrder: 3
  m_LocalEulerAnglesHint: {x: 0, y: 0, z: 0}
--- !u!1 &314437750
GameObject:
  m_ObjectHideFlags: 0
  m_PrefabParentObject: {fileID: 0}
  m_PrefabInternal: {fileID: 0}
  serializedVersion: 5
  m_Component:
  - component: {fileID: 314437752}
  - component: {fileID: 314437751}
  m_Layer: 0
  m_Name: Directional light
  m_TagString: Untagged
  m_Icon: {fileID: 0}
  m_NavMeshLayer: 0
  m_StaticEditorFlags: 0
  m_IsActive: 1
--- !u!108 &314437751
Light:
  m_ObjectHideFlags: 0
  m_PrefabParentObject: {fileID: 0}
  m_PrefabInternal: {fileID: 0}
  m_GameObject: {fileID: 314437750}
  m_Enabled: 1
  serializedVersion: 8
  m_Type: 1
  m_Color: {r: 1, g: 1, b: 1, a: 1}
  m_Intensity: 1
  m_Range: 10
  m_SpotAngle: 30
  m_CookieSize: 10
  m_Shadows:
    m_Type: 0
    m_Resolution: -1
    m_CustomResolution: -1
    m_Strength: 1
    m_Bias: 0.05
    m_NormalBias: 0.4
    m_NearPlane: 0.2
  m_Cookie: {fileID: 0}
  m_DrawHalo: 0
  m_Flare: {fileID: 0}
  m_RenderMode: 0
  m_CullingMask:
    serializedVersion: 2
    m_Bits: 4294967295
  m_Lightmapping: 4
  m_AreaSize: {x: 1, y: 1}
  m_BounceIntensity: 1
  m_ColorTemperature: 6570
  m_UseColorTemperature: 0
  m_ShadowRadius: 0
  m_ShadowAngle: 0
--- !u!4 &314437752
Transform:
  m_ObjectHideFlags: 0
  m_PrefabParentObject: {fileID: 0}
  m_PrefabInternal: {fileID: 0}
  m_GameObject: {fileID: 314437750}
  m_LocalRotation: {x: 0.40821788, y: -0.23456968, z: 0.10938163, w: 0.8754261}
  m_LocalPosition: {x: 4.3317647, y: 2.5995784, z: 5.9399176}
  m_LocalScale: {x: 1, y: 1, z: 1}
  m_Children: []
  m_Father: {fileID: 0}
  m_RootOrder: 7
  m_LocalEulerAnglesHint: {x: 50, y: -30, z: 0}
--- !u!1 &390481929
GameObject:
  m_ObjectHideFlags: 0
  m_PrefabParentObject: {fileID: 0}
  m_PrefabInternal: {fileID: 0}
  serializedVersion: 5
  m_Component:
  - component: {fileID: 390481930}
  - component: {fileID: 390481931}
  - component: {fileID: 390481932}
  m_Layer: 8
  m_Name: bottomwall
  m_TagString: Untagged
  m_Icon: {fileID: 0}
  m_NavMeshLayer: 0
  m_StaticEditorFlags: 0
  m_IsActive: 1
--- !u!4 &390481930
Transform:
  m_ObjectHideFlags: 0
  m_PrefabParentObject: {fileID: 0}
  m_PrefabInternal: {fileID: 0}
  m_GameObject: {fileID: 390481929}
  m_LocalRotation: {x: -0, y: -0, z: -0, w: 1}
  m_LocalPosition: {x: -0.041, y: 20.699999, z: -0.5595027}
  m_LocalScale: {x: 1.0717014, y: 43.93615, z: 0.14788577}
  m_Children: []
  m_Father: {fileID: 1315561638}
  m_RootOrder: 3
  m_LocalEulerAnglesHint: {x: 0, y: 0, z: 0}
--- !u!65 &390481931
BoxCollider:
  m_ObjectHideFlags: 0
  m_PrefabParentObject: {fileID: 0}
  m_PrefabInternal: {fileID: 0}
  m_GameObject: {fileID: 390481929}
  m_Material: {fileID: 0}
  m_IsTrigger: 0
  m_Enabled: 1
  serializedVersion: 2
  m_Size: {x: 1, y: 1, z: 1}
  m_Center: {x: 0, y: 0, z: 0}
--- !u!114 &390481932
MonoBehaviour:
  m_ObjectHideFlags: 0
  m_PrefabParentObject: {fileID: 0}
  m_PrefabInternal: {fileID: 0}
  m_GameObject: {fileID: 390481929}
  m_Enabled: 1
  m_EditorHideFlags: 0
  m_Script: {fileID: 11500000, guid: cc11bdcee442bfb45a427cde2f46a690, type: 3}
  m_Name: 
  m_EditorClassIdentifier: 
--- !u!1001 &417844140
Prefab:
  m_ObjectHideFlags: 0
  serializedVersion: 2
  m_Modification:
    m_TransformParent: {fileID: 2070377734}
    m_Modifications:
    - target: {fileID: 4000013940731176, guid: 80867a08a569d64408b7eea74b7d660e, type: 2}
      propertyPath: m_LocalPosition.x
      value: 0
      objectReference: {fileID: 0}
    - target: {fileID: 4000013940731176, guid: 80867a08a569d64408b7eea74b7d660e, type: 2}
      propertyPath: m_LocalPosition.y
      value: 0
      objectReference: {fileID: 0}
    - target: {fileID: 4000013940731176, guid: 80867a08a569d64408b7eea74b7d660e, type: 2}
      propertyPath: m_LocalPosition.z
      value: 0
      objectReference: {fileID: 0}
    - target: {fileID: 4000013940731176, guid: 80867a08a569d64408b7eea74b7d660e, type: 2}
      propertyPath: m_LocalRotation.x
      value: -0
      objectReference: {fileID: 0}
    - target: {fileID: 4000013940731176, guid: 80867a08a569d64408b7eea74b7d660e, type: 2}
      propertyPath: m_LocalRotation.y
      value: -0
      objectReference: {fileID: 0}
    - target: {fileID: 4000013940731176, guid: 80867a08a569d64408b7eea74b7d660e, type: 2}
      propertyPath: m_LocalRotation.z
      value: -0
      objectReference: {fileID: 0}
    - target: {fileID: 4000013940731176, guid: 80867a08a569d64408b7eea74b7d660e, type: 2}
      propertyPath: m_LocalRotation.w
      value: 1
      objectReference: {fileID: 0}
    - target: {fileID: 4000013940731176, guid: 80867a08a569d64408b7eea74b7d660e, type: 2}
      propertyPath: m_RootOrder
      value: 3
      objectReference: {fileID: 0}
    - target: {fileID: 4000013940731176, guid: 80867a08a569d64408b7eea74b7d660e, type: 2}
      propertyPath: m_LocalEulerAnglesHint.y
      value: 70
      objectReference: {fileID: 0}
    - target: {fileID: 1000012996730680, guid: 80867a08a569d64408b7eea74b7d660e, type: 2}
      propertyPath: m_Name
      value: CrackedGround (4)
      objectReference: {fileID: 0}
    - target: {fileID: 212000013795204614, guid: 80867a08a569d64408b7eea74b7d660e,
        type: 2}
      propertyPath: m_Sprite
      value: 
      objectReference: {fileID: 21300002, guid: 8c2f37baccf51f34cb43288495679912,
        type: 3}
    - target: {fileID: 212000013795204614, guid: 80867a08a569d64408b7eea74b7d660e,
        type: 2}
      propertyPath: m_SortingOrder
      value: -2
      objectReference: {fileID: 0}
    - target: {fileID: 4000013940731176, guid: 80867a08a569d64408b7eea74b7d660e, type: 2}
      propertyPath: m_LocalScale.x
      value: 1
      objectReference: {fileID: 0}
    - target: {fileID: 4000013940731176, guid: 80867a08a569d64408b7eea74b7d660e, type: 2}
      propertyPath: m_LocalScale.y
      value: 1
      objectReference: {fileID: 0}
    - target: {fileID: 4000013940731176, guid: 80867a08a569d64408b7eea74b7d660e, type: 2}
      propertyPath: m_LocalScale.z
      value: 1
      objectReference: {fileID: 0}
    m_RemovedComponents: []
  m_ParentPrefab: {fileID: 100100000, guid: 80867a08a569d64408b7eea74b7d660e, type: 2}
  m_IsPrefabParent: 0
--- !u!1001 &438126978
Prefab:
  m_ObjectHideFlags: 0
  serializedVersion: 2
  m_Modification:
    m_TransformParent: {fileID: 0}
    m_Modifications:
    - target: {fileID: 4000012934507574, guid: d8d64f8f9a8fe764d8272b640ba5b401, type: 2}
      propertyPath: m_LocalPosition.x
      value: -5.37
      objectReference: {fileID: 0}
    - target: {fileID: 4000012934507574, guid: d8d64f8f9a8fe764d8272b640ba5b401, type: 2}
      propertyPath: m_LocalPosition.y
      value: 1
      objectReference: {fileID: 0}
    - target: {fileID: 4000012934507574, guid: d8d64f8f9a8fe764d8272b640ba5b401, type: 2}
      propertyPath: m_LocalPosition.z
      value: 1.37
      objectReference: {fileID: 0}
    - target: {fileID: 4000012934507574, guid: d8d64f8f9a8fe764d8272b640ba5b401, type: 2}
      propertyPath: m_LocalRotation.x
      value: 0
      objectReference: {fileID: 0}
    - target: {fileID: 4000012934507574, guid: d8d64f8f9a8fe764d8272b640ba5b401, type: 2}
      propertyPath: m_LocalRotation.y
      value: 0
      objectReference: {fileID: 0}
    - target: {fileID: 4000012934507574, guid: d8d64f8f9a8fe764d8272b640ba5b401, type: 2}
      propertyPath: m_LocalRotation.z
      value: 0
      objectReference: {fileID: 0}
    - target: {fileID: 4000012934507574, guid: d8d64f8f9a8fe764d8272b640ba5b401, type: 2}
      propertyPath: m_LocalRotation.w
      value: 1
      objectReference: {fileID: 0}
    - target: {fileID: 4000012934507574, guid: d8d64f8f9a8fe764d8272b640ba5b401, type: 2}
      propertyPath: m_RootOrder
      value: 15
      objectReference: {fileID: 0}
    - target: {fileID: 1000013306925974, guid: d8d64f8f9a8fe764d8272b640ba5b401, type: 2}
      propertyPath: m_Name
      value: Enemy (1)
      objectReference: {fileID: 0}
    m_RemovedComponents: []
  m_ParentPrefab: {fileID: 100100000, guid: d8d64f8f9a8fe764d8272b640ba5b401, type: 2}
  m_IsPrefabParent: 0
--- !u!1001 &596996281
Prefab:
  m_ObjectHideFlags: 0
  serializedVersion: 2
  m_Modification:
    m_TransformParent: {fileID: 2070377734}
    m_Modifications:
    - target: {fileID: 4000013940731176, guid: 80867a08a569d64408b7eea74b7d660e, type: 2}
      propertyPath: m_LocalPosition.x
      value: 0
      objectReference: {fileID: 0}
    - target: {fileID: 4000013940731176, guid: 80867a08a569d64408b7eea74b7d660e, type: 2}
      propertyPath: m_LocalPosition.y
      value: 0
      objectReference: {fileID: 0}
    - target: {fileID: 4000013940731176, guid: 80867a08a569d64408b7eea74b7d660e, type: 2}
      propertyPath: m_LocalPosition.z
      value: 0
      objectReference: {fileID: 0}
    - target: {fileID: 4000013940731176, guid: 80867a08a569d64408b7eea74b7d660e, type: 2}
      propertyPath: m_LocalRotation.x
      value: -0
      objectReference: {fileID: 0}
    - target: {fileID: 4000013940731176, guid: 80867a08a569d64408b7eea74b7d660e, type: 2}
      propertyPath: m_LocalRotation.y
      value: -0
      objectReference: {fileID: 0}
    - target: {fileID: 4000013940731176, guid: 80867a08a569d64408b7eea74b7d660e, type: 2}
      propertyPath: m_LocalRotation.z
      value: -0
      objectReference: {fileID: 0}
    - target: {fileID: 4000013940731176, guid: 80867a08a569d64408b7eea74b7d660e, type: 2}
      propertyPath: m_LocalRotation.w
      value: 1
      objectReference: {fileID: 0}
    - target: {fileID: 4000013940731176, guid: 80867a08a569d64408b7eea74b7d660e, type: 2}
      propertyPath: m_RootOrder
      value: 0
      objectReference: {fileID: 0}
    - target: {fileID: 4000013940731176, guid: 80867a08a569d64408b7eea74b7d660e, type: 2}
      propertyPath: m_LocalEulerAnglesHint.y
      value: 70
      objectReference: {fileID: 0}
    - target: {fileID: 1000012996730680, guid: 80867a08a569d64408b7eea74b7d660e, type: 2}
      propertyPath: m_Name
      value: CrackedGround (1)
      objectReference: {fileID: 0}
    - target: {fileID: 212000013795204614, guid: 80867a08a569d64408b7eea74b7d660e,
        type: 2}
      propertyPath: m_Sprite
      value: 
      objectReference: {fileID: 21300002, guid: 8c2f37baccf51f34cb43288495679912,
        type: 3}
    - target: {fileID: 212000013795204614, guid: 80867a08a569d64408b7eea74b7d660e,
        type: 2}
      propertyPath: m_SortingOrder
      value: -2
      objectReference: {fileID: 0}
    - target: {fileID: 4000013940731176, guid: 80867a08a569d64408b7eea74b7d660e, type: 2}
      propertyPath: m_LocalScale.x
      value: 1
      objectReference: {fileID: 0}
    - target: {fileID: 4000013940731176, guid: 80867a08a569d64408b7eea74b7d660e, type: 2}
      propertyPath: m_LocalScale.y
      value: 1
      objectReference: {fileID: 0}
    - target: {fileID: 4000013940731176, guid: 80867a08a569d64408b7eea74b7d660e, type: 2}
      propertyPath: m_LocalScale.z
      value: 1
      objectReference: {fileID: 0}
    m_RemovedComponents: []
  m_ParentPrefab: {fileID: 100100000, guid: 80867a08a569d64408b7eea74b7d660e, type: 2}
  m_IsPrefabParent: 0
--- !u!1001 &790050700
Prefab:
  m_ObjectHideFlags: 0
  serializedVersion: 2
  m_Modification:
    m_TransformParent: {fileID: 0}
    m_Modifications:
    - target: {fileID: 4000010802664650, guid: d8c2283492bda50488a97ee841acb00a, type: 2}
      propertyPath: m_LocalPosition.x
      value: -5.7
      objectReference: {fileID: 0}
    - target: {fileID: 4000010802664650, guid: d8c2283492bda50488a97ee841acb00a, type: 2}
      propertyPath: m_LocalPosition.y
      value: 0.78419286
      objectReference: {fileID: 0}
    - target: {fileID: 4000010802664650, guid: d8c2283492bda50488a97ee841acb00a, type: 2}
      propertyPath: m_LocalPosition.z
      value: 2.62
      objectReference: {fileID: 0}
    - target: {fileID: 4000010802664650, guid: d8c2283492bda50488a97ee841acb00a, type: 2}
      propertyPath: m_LocalRotation.x
      value: 0
      objectReference: {fileID: 0}
    - target: {fileID: 4000010802664650, guid: d8c2283492bda50488a97ee841acb00a, type: 2}
      propertyPath: m_LocalRotation.y
      value: 0.7071068
      objectReference: {fileID: 0}
    - target: {fileID: 4000010802664650, guid: d8c2283492bda50488a97ee841acb00a, type: 2}
      propertyPath: m_LocalRotation.z
      value: 0
      objectReference: {fileID: 0}
    - target: {fileID: 4000010802664650, guid: d8c2283492bda50488a97ee841acb00a, type: 2}
      propertyPath: m_LocalRotation.w
      value: 0.7071068
      objectReference: {fileID: 0}
    - target: {fileID: 4000010802664650, guid: d8c2283492bda50488a97ee841acb00a, type: 2}
      propertyPath: m_RootOrder
      value: 9
      objectReference: {fileID: 0}
    - target: {fileID: 114000013541829820, guid: d8c2283492bda50488a97ee841acb00a,
        type: 2}
      propertyPath: nextSceneName
      value: dungeon3
      objectReference: {fileID: 0}
    - target: {fileID: 212000014156229470, guid: d8c2283492bda50488a97ee841acb00a,
        type: 2}
      propertyPath: m_FlipX
      value: 1
      objectReference: {fileID: 0}
    - target: {fileID: 212000014156229470, guid: d8c2283492bda50488a97ee841acb00a,
        type: 2}
      propertyPath: m_FlipY
      value: 0
      objectReference: {fileID: 0}
    - target: {fileID: 4000010802664650, guid: d8c2283492bda50488a97ee841acb00a, type: 2}
      propertyPath: m_LocalEulerAnglesHint.y
      value: 90
      objectReference: {fileID: 0}
    - target: {fileID: 4000014209872564, guid: d8c2283492bda50488a97ee841acb00a, type: 2}
      propertyPath: m_LocalScale.y
      value: 0.7
      objectReference: {fileID: 0}
    - target: {fileID: 4000014209872564, guid: d8c2283492bda50488a97ee841acb00a, type: 2}
      propertyPath: m_LocalPosition.z
      value: -0.491
      objectReference: {fileID: 0}
    - target: {fileID: 4000014209872564, guid: d8c2283492bda50488a97ee841acb00a, type: 2}
      propertyPath: m_LocalPosition.y
      value: -0.013
      objectReference: {fileID: 0}
    - target: {fileID: 1000010733978864, guid: d8c2283492bda50488a97ee841acb00a, type: 2}
      propertyPath: m_Name
      value: TheDoorVertical
      objectReference: {fileID: 0}
    - target: {fileID: 4000010802664650, guid: d8c2283492bda50488a97ee841acb00a, type: 2}
      propertyPath: m_LocalEulerAnglesHint.x
      value: 0
      objectReference: {fileID: 0}
    - target: {fileID: 4000010802664650, guid: d8c2283492bda50488a97ee841acb00a, type: 2}
      propertyPath: m_LocalEulerAnglesHint.z
      value: 0
      objectReference: {fileID: 0}
    - target: {fileID: 114000013332045000, guid: d8c2283492bda50488a97ee841acb00a,
        type: 2}
      propertyPath: openDoor
      value: 
      objectReference: {fileID: 21300000, guid: 2c5f10af402373c4d90fb602460072ed,
        type: 3}
    - target: {fileID: 114000013332045000, guid: d8c2283492bda50488a97ee841acb00a,
        type: 2}
      propertyPath: closeDoor
      value: 
      objectReference: {fileID: 21300002, guid: 2c5f10af402373c4d90fb602460072ed,
        type: 3}
    - target: {fileID: 212000014156229470, guid: d8c2283492bda50488a97ee841acb00a,
        type: 2}
      propertyPath: m_Sprite
      value: 
      objectReference: {fileID: 21300002, guid: 2c5f10af402373c4d90fb602460072ed,
        type: 3}
    m_RemovedComponents: []
  m_ParentPrefab: {fileID: 100100000, guid: d8c2283492bda50488a97ee841acb00a, type: 2}
  m_IsPrefabParent: 0
--- !u!1 &918742790
GameObject:
  m_ObjectHideFlags: 0
  m_PrefabParentObject: {fileID: 0}
  m_PrefabInternal: {fileID: 0}
  serializedVersion: 5
  m_Component:
  - component: {fileID: 918742791}
  - component: {fileID: 918742793}
  - component: {fileID: 918742792}
  m_Layer: 8
  m_Name: topwall
  m_TagString: Untagged
  m_Icon: {fileID: 0}
  m_NavMeshLayer: 0
  m_StaticEditorFlags: 0
  m_IsActive: 1
--- !u!4 &918742791
Transform:
  m_ObjectHideFlags: 0
  m_PrefabParentObject: {fileID: 0}
  m_PrefabInternal: {fileID: 0}
  m_GameObject: {fileID: 918742790}
  m_LocalRotation: {x: -0, y: -0, z: -0, w: 1}
  m_LocalPosition: {x: 0.9879999, y: 20.699999, z: 0.5648314}
  m_LocalScale: {x: 1, y: 43.936195, z: 0.14788632}
  m_Children: []
  m_Father: {fileID: 1315561638}
  m_RootOrder: 5
  m_LocalEulerAnglesHint: {x: 0, y: 0, z: 0}
--- !u!114 &918742792
MonoBehaviour:
  m_ObjectHideFlags: 0
  m_PrefabParentObject: {fileID: 0}
  m_PrefabInternal: {fileID: 0}
  m_GameObject: {fileID: 918742790}
  m_Enabled: 1
  m_EditorHideFlags: 0
  m_Script: {fileID: 11500000, guid: cc11bdcee442bfb45a427cde2f46a690, type: 3}
  m_Name: 
  m_EditorClassIdentifier: 
--- !u!65 &918742793
BoxCollider:
  m_ObjectHideFlags: 0
  m_PrefabParentObject: {fileID: 0}
  m_PrefabInternal: {fileID: 0}
  m_GameObject: {fileID: 918742790}
  m_Material: {fileID: 0}
  m_IsTrigger: 0
  m_Enabled: 1
  serializedVersion: 2
  m_Size: {x: 1, y: 1, z: 1}
  m_Center: {x: 0, y: 0, z: 0}
--- !u!1001 &1178473382
Prefab:
  m_ObjectHideFlags: 0
  serializedVersion: 2
  m_Modification:
    m_TransformParent: {fileID: 0}
    m_Modifications:
    - target: {fileID: 4000010932627448, guid: de6d74762533f7342b04de7ad4892d1e, type: 2}
      propertyPath: m_LocalPosition.x
      value: -1.5
      objectReference: {fileID: 0}
    - target: {fileID: 4000010932627448, guid: de6d74762533f7342b04de7ad4892d1e, type: 2}
      propertyPath: m_LocalPosition.y
      value: 1.37
      objectReference: {fileID: 0}
    - target: {fileID: 4000010932627448, guid: de6d74762533f7342b04de7ad4892d1e, type: 2}
      propertyPath: m_LocalPosition.z
      value: 3.72
      objectReference: {fileID: 0}
    - target: {fileID: 4000010932627448, guid: de6d74762533f7342b04de7ad4892d1e, type: 2}
      propertyPath: m_LocalRotation.x
      value: 0.7071068
      objectReference: {fileID: 0}
    - target: {fileID: 4000010932627448, guid: de6d74762533f7342b04de7ad4892d1e, type: 2}
      propertyPath: m_LocalRotation.y
      value: -0
      objectReference: {fileID: 0}
    - target: {fileID: 4000010932627448, guid: de6d74762533f7342b04de7ad4892d1e, type: 2}
      propertyPath: m_LocalRotation.z
      value: -0
      objectReference: {fileID: 0}
    - target: {fileID: 4000010932627448, guid: de6d74762533f7342b04de7ad4892d1e, type: 2}
      propertyPath: m_LocalRotation.w
      value: 0.7071068
      objectReference: {fileID: 0}
    - target: {fileID: 4000010932627448, guid: de6d74762533f7342b04de7ad4892d1e, type: 2}
      propertyPath: m_RootOrder
      value: 12
      objectReference: {fileID: 0}
    m_RemovedComponents: []
  m_ParentPrefab: {fileID: 100100000, guid: de6d74762533f7342b04de7ad4892d1e, type: 2}
  m_IsPrefabParent: 0
--- !u!1 &1209531218
GameObject:
  m_ObjectHideFlags: 0
  m_PrefabParentObject: {fileID: 0}
  m_PrefabInternal: {fileID: 0}
  serializedVersion: 5
  m_Component:
  - component: {fileID: 1209531221}
  - component: {fileID: 1209531220}
  - component: {fileID: 1209531219}
  m_Layer: 0
  m_Name: EventSystem
  m_TagString: Untagged
  m_Icon: {fileID: 0}
  m_NavMeshLayer: 0
  m_StaticEditorFlags: 0
  m_IsActive: 1
--- !u!114 &1209531219
MonoBehaviour:
  m_ObjectHideFlags: 0
  m_PrefabParentObject: {fileID: 0}
  m_PrefabInternal: {fileID: 0}
  m_GameObject: {fileID: 1209531218}
  m_Enabled: 1
  m_EditorHideFlags: 0
  m_Script: {fileID: 1077351063, guid: f5f67c52d1564df4a8936ccd202a3bd8, type: 3}
  m_Name: 
  m_EditorClassIdentifier: 
  m_HorizontalAxis: Horizontal
  m_VerticalAxis: Vertical
  m_SubmitButton: Submit
  m_CancelButton: Cancel
  m_InputActionsPerSecond: 10
  m_RepeatDelay: 0.5
  m_ForceModuleActive: 0
--- !u!114 &1209531220
MonoBehaviour:
  m_ObjectHideFlags: 0
  m_PrefabParentObject: {fileID: 0}
  m_PrefabInternal: {fileID: 0}
  m_GameObject: {fileID: 1209531218}
  m_Enabled: 1
  m_EditorHideFlags: 0
  m_Script: {fileID: -619905303, guid: f5f67c52d1564df4a8936ccd202a3bd8, type: 3}
  m_Name: 
  m_EditorClassIdentifier: 
  m_FirstSelected: {fileID: 0}
  m_sendNavigationEvents: 1
  m_DragThreshold: 5
--- !u!4 &1209531221
Transform:
  m_ObjectHideFlags: 0
  m_PrefabParentObject: {fileID: 0}
  m_PrefabInternal: {fileID: 0}
  m_GameObject: {fileID: 1209531218}
  m_LocalRotation: {x: 0, y: 0, z: 0, w: 1}
  m_LocalPosition: {x: 0, y: 0, z: 0}
  m_LocalScale: {x: 1, y: 1, z: 1}
  m_Children: []
  m_Father: {fileID: 0}
  m_RootOrder: 4
  m_LocalEulerAnglesHint: {x: 0, y: 0, z: 0}
--- !u!1 &1228667928
GameObject:
  m_ObjectHideFlags: 0
  m_PrefabParentObject: {fileID: 0}
  m_PrefabInternal: {fileID: 0}
  serializedVersion: 5
  m_Component:
  - component: {fileID: 1228667933}
  - component: {fileID: 1228667932}
  - component: {fileID: 1228667931}
  - component: {fileID: 1228667930}
  - component: {fileID: 1228667929}
  m_Layer: 0
  m_Name: Camera
  m_TagString: Untagged
  m_Icon: {fileID: 0}
  m_NavMeshLayer: 0
  m_StaticEditorFlags: 0
  m_IsActive: 1
--- !u!81 &1228667929
AudioListener:
  m_ObjectHideFlags: 0
  m_PrefabParentObject: {fileID: 0}
  m_PrefabInternal: {fileID: 0}
  m_GameObject: {fileID: 1228667928}
  m_Enabled: 1
--- !u!92 &1228667930
Behaviour:
  m_ObjectHideFlags: 0
  m_PrefabParentObject: {fileID: 0}
  m_PrefabInternal: {fileID: 0}
  m_GameObject: {fileID: 1228667928}
  m_Enabled: 1
--- !u!124 &1228667931
Behaviour:
  m_ObjectHideFlags: 0
  m_PrefabParentObject: {fileID: 0}
  m_PrefabInternal: {fileID: 0}
  m_GameObject: {fileID: 1228667928}
  m_Enabled: 1
--- !u!20 &1228667932
Camera:
  m_ObjectHideFlags: 0
  m_PrefabParentObject: {fileID: 0}
  m_PrefabInternal: {fileID: 0}
  m_GameObject: {fileID: 1228667928}
  m_Enabled: 1
  serializedVersion: 2
  m_ClearFlags: 1
  m_BackGroundColor: {r: 0.19215687, g: 0.3019608, b: 0.4745098, a: 0}
  m_NormalizedViewPortRect:
    serializedVersion: 2
    x: 0
    y: 0
    width: 1
    height: 1
  near clip plane: 0.3
  far clip plane: 1000
  field of view: 60
  orthographic: 1
  orthographic size: 3.985
  m_Depth: 0
  m_CullingMask:
    serializedVersion: 2
    m_Bits: 4294967039
  m_RenderingPath: -1
  m_TargetTexture: {fileID: 0}
  m_TargetDisplay: 0
  m_TargetEye: 3
  m_HDR: 0
  m_AllowMSAA: 1
  m_ForceIntoRT: 0
  m_OcclusionCulling: 1
  m_StereoConvergence: 10
  m_StereoSeparation: 0.022
  m_StereoMirrorMode: 0
--- !u!4 &1228667933
Transform:
  m_ObjectHideFlags: 0
  m_PrefabParentObject: {fileID: 0}
  m_PrefabInternal: {fileID: 0}
  m_GameObject: {fileID: 1228667928}
  m_LocalRotation: {x: 0.7071068, y: 0, z: 0, w: 0.7071068}
  m_LocalPosition: {x: 0.3, y: 8.28, z: 4.28}
  m_LocalScale: {x: 1, y: 1, z: 1}
  m_Children: []
  m_Father: {fileID: 0}
  m_RootOrder: 6
  m_LocalEulerAnglesHint: {x: 90, y: 0, z: 0}
--- !u!1 &1315561634
GameObject:
  m_ObjectHideFlags: 0
  m_PrefabParentObject: {fileID: 0}
  m_PrefabInternal: {fileID: 0}
  serializedVersion: 5
  m_Component:
  - component: {fileID: 1315561638}
  - component: {fileID: 1315561637}
  - component: {fileID: 1315561636}
  - component: {fileID: 1315561635}
  m_Layer: 8
  m_Name: Floor
  m_TagString: Untagged
  m_Icon: {fileID: 0}
  m_NavMeshLayer: 0
  m_StaticEditorFlags: 4294967295
  m_IsActive: 1
--- !u!23 &1315561635
MeshRenderer:
  m_ObjectHideFlags: 0
  m_PrefabParentObject: {fileID: 0}
  m_PrefabInternal: {fileID: 0}
  m_GameObject: {fileID: 1315561634}
  m_Enabled: 1
  m_CastShadows: 1
  m_ReceiveShadows: 1
  m_MotionVectors: 1
  m_LightProbeUsage: 1
  m_ReflectionProbeUsage: 1
  m_Materials:
  - {fileID: 10303, guid: 0000000000000000f000000000000000, type: 0}
  m_StaticBatchInfo:
    firstSubMesh: 0
    subMeshCount: 0
  m_StaticBatchRoot: {fileID: 0}
  m_ProbeAnchor: {fileID: 0}
  m_LightProbeVolumeOverride: {fileID: 0}
  m_ScaleInLightmap: 1
  m_PreserveUVs: 1
  m_IgnoreNormalsForChartDetection: 0
  m_ImportantGI: 0
  m_SelectedEditorRenderState: 3
  m_MinimumChartSize: 4
  m_AutoUVMaxDistance: 0.5
  m_AutoUVMaxAngle: 89
  m_LightmapParameters: {fileID: 0}
  m_SortingLayerID: 0
  m_SortingLayer: 0
  m_SortingOrder: 0
--- !u!65 &1315561636
BoxCollider:
  m_ObjectHideFlags: 0
  m_PrefabParentObject: {fileID: 0}
  m_PrefabInternal: {fileID: 0}
  m_GameObject: {fileID: 1315561634}
  m_Material: {fileID: 0}
  m_IsTrigger: 0
  m_Enabled: 1
  serializedVersion: 2
  m_Size: {x: 1, y: 1, z: 1}
  m_Center: {x: 0, y: 0, z: 0}
--- !u!33 &1315561637
MeshFilter:
  m_ObjectHideFlags: 0
  m_PrefabParentObject: {fileID: 0}
  m_PrefabInternal: {fileID: 0}
  m_GameObject: {fileID: 1315561634}
  m_Mesh: {fileID: 10202, guid: 0000000000000000e000000000000000, type: 0}
--- !u!4 &1315561638
Transform:
  m_ObjectHideFlags: 0
  m_PrefabParentObject: {fileID: 0}
  m_PrefabInternal: {fileID: 0}
  m_GameObject: {fileID: 1315561634}
  m_LocalRotation: {x: -0, y: -0, z: -0, w: 1}
  m_LocalPosition: {x: 0.28, y: 0, z: 3.76}
  m_LocalScale: {x: 12.5, y: 0.1, z: 5.63}
  m_Children:
  - {fileID: 1961713378}
  - {fileID: 183801185}
  - {fileID: 1649597074}
  - {fileID: 390481930}
  - {fileID: 1516780504}
  - {fileID: 918742791}
  - {fileID: 2065592483}
  m_Father: {fileID: 0}
  m_RootOrder: 5
  m_LocalEulerAnglesHint: {x: 0, y: 0, z: 0}
--- !u!1 &1402855603
GameObject:
  m_ObjectHideFlags: 0
  m_PrefabParentObject: {fileID: 0}
  m_PrefabInternal: {fileID: 0}
  serializedVersion: 5
  m_Component:
  - component: {fileID: 1402855605}
  - component: {fileID: 1402855604}
  m_Layer: 0
  m_Name: GameDirector
  m_TagString: Untagged
  m_Icon: {fileID: 0}
  m_NavMeshLayer: 0
  m_StaticEditorFlags: 0
  m_IsActive: 1
--- !u!114 &1402855604
MonoBehaviour:
  m_ObjectHideFlags: 0
  m_PrefabParentObject: {fileID: 0}
  m_PrefabInternal: {fileID: 0}
  m_GameObject: {fileID: 1402855603}
  m_Enabled: 1
  m_EditorHideFlags: 0
  m_Script: {fileID: 11500000, guid: f079ab24bc20b724ba625d1010e6ee4d, type: 3}
  m_Name: 
  m_EditorClassIdentifier: 
  dialogueText: {fileID: 0}
--- !u!4 &1402855605
Transform:
  m_ObjectHideFlags: 0
  m_PrefabParentObject: {fileID: 0}
  m_PrefabInternal: {fileID: 0}
  m_GameObject: {fileID: 1402855603}
  m_LocalRotation: {x: 0, y: 0, z: 0, w: 1}
  m_LocalPosition: {x: 375, y: 211, z: 0}
  m_LocalScale: {x: 1, y: 1, z: 1}
  m_Children: []
  m_Father: {fileID: 0}
  m_RootOrder: 0
  m_LocalEulerAnglesHint: {x: 0, y: 0, z: 0}
--- !u!1001 &1407399941
Prefab:
  m_ObjectHideFlags: 0
  serializedVersion: 2
  m_Modification:
    m_TransformParent: {fileID: 0}
    m_Modifications:
    - target: {fileID: 4000012308891236, guid: dbea3448b9844634b9501ca2f2e300f3, type: 2}
      propertyPath: m_LocalPosition.x
      value: 4.71
      objectReference: {fileID: 0}
    - target: {fileID: 4000012308891236, guid: dbea3448b9844634b9501ca2f2e300f3, type: 2}
      propertyPath: m_LocalPosition.y
      value: -0.37
      objectReference: {fileID: 0}
    - target: {fileID: 4000012308891236, guid: dbea3448b9844634b9501ca2f2e300f3, type: 2}
      propertyPath: m_LocalPosition.z
      value: 5.73
      objectReference: {fileID: 0}
    - target: {fileID: 4000012308891236, guid: dbea3448b9844634b9501ca2f2e300f3, type: 2}
      propertyPath: m_LocalRotation.x
      value: 0.707086
      objectReference: {fileID: 0}
    - target: {fileID: 4000012308891236, guid: dbea3448b9844634b9501ca2f2e300f3, type: 2}
      propertyPath: m_LocalRotation.y
      value: 0.005411626
      objectReference: {fileID: 0}
    - target: {fileID: 4000012308891236, guid: dbea3448b9844634b9501ca2f2e300f3, type: 2}
      propertyPath: m_LocalRotation.z
      value: -0.005177111
      objectReference: {fileID: 0}
    - target: {fileID: 4000012308891236, guid: dbea3448b9844634b9501ca2f2e300f3, type: 2}
      propertyPath: m_LocalRotation.w
      value: 0.7070879
      objectReference: {fileID: 0}
    - target: {fileID: 4000012308891236, guid: dbea3448b9844634b9501ca2f2e300f3, type: 2}
      propertyPath: m_RootOrder
      value: 16
      objectReference: {fileID: 0}
    - target: {fileID: 114000012383786840, guid: dbea3448b9844634b9501ca2f2e300f3,
        type: 2}
      propertyPath: m_Text
      value: "Lets  kill  some\n            bad  guys"
      objectReference: {fileID: 0}
    - target: {fileID: 4000012226264970, guid: dbea3448b9844634b9501ca2f2e300f3, type: 2}
      propertyPath: m_LocalScale.x
      value: 1
      objectReference: {fileID: 0}
    - target: {fileID: 4000012226264970, guid: dbea3448b9844634b9501ca2f2e300f3, type: 2}
      propertyPath: m_LocalPosition.x
      value: -0.04
      objectReference: {fileID: 0}
    m_RemovedComponents: []
  m_ParentPrefab: {fileID: 100100000, guid: dbea3448b9844634b9501ca2f2e300f3, type: 2}
  m_IsPrefabParent: 0
--- !u!1 &1516780503
GameObject:
  m_ObjectHideFlags: 0
  m_PrefabParentObject: {fileID: 0}
  m_PrefabInternal: {fileID: 0}
  serializedVersion: 5
  m_Component:
  - component: {fileID: 1516780504}
  - component: {fileID: 1516780506}
  - component: {fileID: 1516780505}
  m_Layer: 8
  m_Name: topwall
  m_TagString: Untagged
  m_Icon: {fileID: 0}
  m_NavMeshLayer: 0
  m_StaticEditorFlags: 0
  m_IsActive: 1
--- !u!4 &1516780504
Transform:
  m_ObjectHideFlags: 0
  m_PrefabParentObject: {fileID: 0}
  m_PrefabInternal: {fileID: 0}
  m_GameObject: {fileID: 1516780503}
  m_LocalRotation: {x: -0, y: -0, z: -0, w: 1}
  m_LocalPosition: {x: -0.262, y: 20.699999, z: 0.5648314}
  m_LocalScale: {x: 1, y: 43.936195, z: 0.14788632}
  m_Children: []
  m_Father: {fileID: 1315561638}
  m_RootOrder: 4
  m_LocalEulerAnglesHint: {x: 0, y: 0, z: 0}
--- !u!114 &1516780505
MonoBehaviour:
  m_ObjectHideFlags: 0
  m_PrefabParentObject: {fileID: 0}
  m_PrefabInternal: {fileID: 0}
  m_GameObject: {fileID: 1516780503}
  m_Enabled: 1
  m_EditorHideFlags: 0
  m_Script: {fileID: 11500000, guid: cc11bdcee442bfb45a427cde2f46a690, type: 3}
  m_Name: 
  m_EditorClassIdentifier: 
--- !u!65 &1516780506
BoxCollider:
  m_ObjectHideFlags: 0
  m_PrefabParentObject: {fileID: 0}
  m_PrefabInternal: {fileID: 0}
  m_GameObject: {fileID: 1516780503}
  m_Material: {fileID: 0}
  m_IsTrigger: 0
  m_Enabled: 1
  serializedVersion: 2
  m_Size: {x: 1, y: 1, z: 1}
  m_Center: {x: 0, y: 0, z: 0}
--- !u!1001 &1526157247
Prefab:
  m_ObjectHideFlags: 0
  serializedVersion: 2
  m_Modification:
    m_TransformParent: {fileID: 2070377734}
    m_Modifications:
    - target: {fileID: 4000013940731176, guid: 80867a08a569d64408b7eea74b7d660e, type: 2}
      propertyPath: m_LocalPosition.x
      value: 5.0551214
      objectReference: {fileID: 0}
    - target: {fileID: 4000013940731176, guid: 80867a08a569d64408b7eea74b7d660e, type: 2}
      propertyPath: m_LocalPosition.y
      value: -0.0010976682
      objectReference: {fileID: 0}
    - target: {fileID: 4000013940731176, guid: 80867a08a569d64408b7eea74b7d660e, type: 2}
      propertyPath: m_LocalPosition.z
      value: 0
      objectReference: {fileID: 0}
    - target: {fileID: 4000013940731176, guid: 80867a08a569d64408b7eea74b7d660e, type: 2}
      propertyPath: m_LocalRotation.x
      value: -0
      objectReference: {fileID: 0}
    - target: {fileID: 4000013940731176, guid: 80867a08a569d64408b7eea74b7d660e, type: 2}
      propertyPath: m_LocalRotation.y
      value: 0.00023454797
      objectReference: {fileID: 0}
    - target: {fileID: 4000013940731176, guid: 80867a08a569d64408b7eea74b7d660e, type: 2}
      propertyPath: m_LocalRotation.z
      value: -0.7071068
      objectReference: {fileID: 0}
    - target: {fileID: 4000013940731176, guid: 80867a08a569d64408b7eea74b7d660e, type: 2}
      propertyPath: m_LocalRotation.w
      value: 0.70710677
      objectReference: {fileID: 0}
    - target: {fileID: 4000013940731176, guid: 80867a08a569d64408b7eea74b7d660e, type: 2}
      propertyPath: m_RootOrder
      value: 2
      objectReference: {fileID: 0}
    - target: {fileID: 4000013940731176, guid: 80867a08a569d64408b7eea74b7d660e, type: 2}
      propertyPath: m_LocalEulerAnglesHint.y
      value: 160
      objectReference: {fileID: 0}
    - target: {fileID: 1000012996730680, guid: 80867a08a569d64408b7eea74b7d660e, type: 2}
      propertyPath: m_Name
      value: CrackedGround (3)
      objectReference: {fileID: 0}
    - target: {fileID: 212000013795204614, guid: 80867a08a569d64408b7eea74b7d660e,
        type: 2}
      propertyPath: m_Sprite
      value: 
      objectReference: {fileID: 21300008, guid: 8c2f37baccf51f34cb43288495679912,
        type: 3}
    - target: {fileID: 212000013795204614, guid: 80867a08a569d64408b7eea74b7d660e,
        type: 2}
      propertyPath: m_SortingOrder
      value: -2
      objectReference: {fileID: 0}
    - target: {fileID: 4000013940731176, guid: 80867a08a569d64408b7eea74b7d660e, type: 2}
      propertyPath: m_LocalScale.x
      value: 1
      objectReference: {fileID: 0}
    - target: {fileID: 4000013940731176, guid: 80867a08a569d64408b7eea74b7d660e, type: 2}
      propertyPath: m_LocalScale.y
      value: 1
      objectReference: {fileID: 0}
    - target: {fileID: 4000013940731176, guid: 80867a08a569d64408b7eea74b7d660e, type: 2}
      propertyPath: m_LocalScale.z
      value: 1
      objectReference: {fileID: 0}
    m_RemovedComponents: []
  m_ParentPrefab: {fileID: 100100000, guid: 80867a08a569d64408b7eea74b7d660e, type: 2}
  m_IsPrefabParent: 0
--- !u!1001 &1562330680
Prefab:
  m_ObjectHideFlags: 0
  serializedVersion: 2
  m_Modification:
    m_TransformParent: {fileID: 2070377734}
    m_Modifications:
    - target: {fileID: 4000013940731176, guid: 80867a08a569d64408b7eea74b7d660e, type: 2}
      propertyPath: m_LocalPosition.x
      value: 0.0044622635
      objectReference: {fileID: 0}
    - target: {fileID: 4000013940731176, guid: 80867a08a569d64408b7eea74b7d660e, type: 2}
      propertyPath: m_LocalPosition.y
      value: 0.44786346
      objectReference: {fileID: 0}
    - target: {fileID: 4000013940731176, guid: 80867a08a569d64408b7eea74b7d660e, type: 2}
      propertyPath: m_LocalPosition.z
      value: 0.0032203493
      objectReference: {fileID: 0}
    - target: {fileID: 4000013940731176, guid: 80867a08a569d64408b7eea74b7d660e, type: 2}
      propertyPath: m_LocalRotation.x
      value: -0
      objectReference: {fileID: 0}
    - target: {fileID: 4000013940731176, guid: 80867a08a569d64408b7eea74b7d660e, type: 2}
      propertyPath: m_LocalRotation.y
      value: -0
      objectReference: {fileID: 0}
    - target: {fileID: 4000013940731176, guid: 80867a08a569d64408b7eea74b7d660e, type: 2}
      propertyPath: m_LocalRotation.z
      value: -0
      objectReference: {fileID: 0}
    - target: {fileID: 4000013940731176, guid: 80867a08a569d64408b7eea74b7d660e, type: 2}
      propertyPath: m_LocalRotation.w
      value: 1
      objectReference: {fileID: 0}
    - target: {fileID: 4000013940731176, guid: 80867a08a569d64408b7eea74b7d660e, type: 2}
      propertyPath: m_RootOrder
      value: 5
      objectReference: {fileID: 0}
    - target: {fileID: 4000013940731176, guid: 80867a08a569d64408b7eea74b7d660e, type: 2}
      propertyPath: m_LocalEulerAnglesHint.y
      value: 70
      objectReference: {fileID: 0}
    - target: {fileID: 1000012996730680, guid: 80867a08a569d64408b7eea74b7d660e, type: 2}
      propertyPath: m_Name
      value: CrackedGround (6)
      objectReference: {fileID: 0}
    - target: {fileID: 212000013795204614, guid: 80867a08a569d64408b7eea74b7d660e,
        type: 2}
      propertyPath: m_Sprite
      value: 
      objectReference: {fileID: 21300008, guid: 8c2f37baccf51f34cb43288495679912,
        type: 3}
    - target: {fileID: 212000013795204614, guid: 80867a08a569d64408b7eea74b7d660e,
        type: 2}
      propertyPath: m_SortingOrder
      value: -2
      objectReference: {fileID: 0}
    - target: {fileID: 4000013940731176, guid: 80867a08a569d64408b7eea74b7d660e, type: 2}
      propertyPath: m_LocalScale.x
      value: 1
      objectReference: {fileID: 0}
    - target: {fileID: 4000013940731176, guid: 80867a08a569d64408b7eea74b7d660e, type: 2}
      propertyPath: m_LocalScale.y
      value: 1
      objectReference: {fileID: 0}
    - target: {fileID: 4000013940731176, guid: 80867a08a569d64408b7eea74b7d660e, type: 2}
      propertyPath: m_LocalScale.z
      value: 1
      objectReference: {fileID: 0}
    m_RemovedComponents: []
  m_ParentPrefab: {fileID: 100100000, guid: 80867a08a569d64408b7eea74b7d660e, type: 2}
  m_IsPrefabParent: 0
--- !u!1 &1649597073
GameObject:
  m_ObjectHideFlags: 0
  m_PrefabParentObject: {fileID: 0}
  m_PrefabInternal: {fileID: 0}
  serializedVersion: 5
  m_Component:
  - component: {fileID: 1649597074}
  - component: {fileID: 1649597075}
  m_Layer: 0
  m_Name: visualition
  m_TagString: Untagged
  m_Icon: {fileID: 0}
  m_NavMeshLayer: 0
  m_StaticEditorFlags: 4294967295
  m_IsActive: 1
--- !u!4 &1649597074
Transform:
  m_ObjectHideFlags: 0
  m_PrefabParentObject: {fileID: 0}
  m_PrefabInternal: {fileID: 0}
  m_GameObject: {fileID: 1649597073}
  m_LocalRotation: {x: 0.7071068, y: -0, z: -0, w: 0.7071068}
  m_LocalPosition: {x: 0.0007999992, y: 0, z: 0.09058615}
  m_LocalScale: {x: 0.059107564, y: 0.13123351, z: 7.388446}
  m_Children: []
  m_Father: {fileID: 1315561638}
  m_RootOrder: 2
  m_LocalEulerAnglesHint: {x: 90, y: 0, z: 0}
--- !u!212 &1649597075
SpriteRenderer:
  m_ObjectHideFlags: 0
  m_PrefabParentObject: {fileID: 0}
  m_PrefabInternal: {fileID: 0}
  m_GameObject: {fileID: 1649597073}
  m_Enabled: 1
  m_CastShadows: 0
  m_ReceiveShadows: 0
  m_MotionVectors: 1
  m_LightProbeUsage: 0
  m_ReflectionProbeUsage: 0
  m_Materials:
  - {fileID: 10754, guid: 0000000000000000f000000000000000, type: 0}
  m_StaticBatchInfo:
    firstSubMesh: 0
    subMeshCount: 0
  m_StaticBatchRoot: {fileID: 0}
  m_ProbeAnchor: {fileID: 0}
  m_LightProbeVolumeOverride: {fileID: 0}
  m_ScaleInLightmap: 1
  m_PreserveUVs: 0
  m_IgnoreNormalsForChartDetection: 0
  m_ImportantGI: 0
  m_SelectedEditorRenderState: 0
  m_MinimumChartSize: 4
  m_AutoUVMaxDistance: 0.5
  m_AutoUVMaxAngle: 89
  m_LightmapParameters: {fileID: 0}
  m_SortingLayerID: 0
  m_SortingLayer: 0
  m_SortingOrder: -5
  m_Sprite: {fileID: 21300000, guid: d9f2463d7649f2240bcfe28c53c1ad90, type: 3}
  m_Color: {r: 1, g: 1, b: 1, a: 1}
  m_FlipX: 0
  m_FlipY: 0
  m_DrawMode: 0
  m_Size: {x: 1, y: 1}
  m_AdaptiveModeThreshold: 0.5
  m_SpriteTileMode: 0
--- !u!1001 &1709398117
Prefab:
  m_ObjectHideFlags: 0
  serializedVersion: 2
  m_Modification:
    m_TransformParent: {fileID: 0}
    m_Modifications:
    - target: {fileID: 4000011848009888, guid: 68c786b97b5a15f429dac58249c0b5a4, type: 2}
      propertyPath: m_LocalPosition.x
      value: 1.464
      objectReference: {fileID: 0}
    - target: {fileID: 4000011848009888, guid: 68c786b97b5a15f429dac58249c0b5a4, type: 2}
      propertyPath: m_LocalPosition.y
      value: 1.4
      objectReference: {fileID: 0}
    - target: {fileID: 4000011848009888, guid: 68c786b97b5a15f429dac58249c0b5a4, type: 2}
      propertyPath: m_LocalPosition.z
      value: 4.622
      objectReference: {fileID: 0}
    - target: {fileID: 4000011848009888, guid: 68c786b97b5a15f429dac58249c0b5a4, type: 2}
      propertyPath: m_LocalRotation.x
      value: 0.7069895
      objectReference: {fileID: 0}
    - target: {fileID: 4000011848009888, guid: 68c786b97b5a15f429dac58249c0b5a4, type: 2}
      propertyPath: m_LocalRotation.y
      value: 0
      objectReference: {fileID: 0}
    - target: {fileID: 4000011848009888, guid: 68c786b97b5a15f429dac58249c0b5a4, type: 2}
      propertyPath: m_LocalRotation.z
      value: 0
      objectReference: {fileID: 0}
    - target: {fileID: 4000011848009888, guid: 68c786b97b5a15f429dac58249c0b5a4, type: 2}
      propertyPath: m_LocalRotation.w
      value: 0.707224
      objectReference: {fileID: 0}
    - target: {fileID: 4000011848009888, guid: 68c786b97b5a15f429dac58249c0b5a4, type: 2}
      propertyPath: m_RootOrder
      value: 2
      objectReference: {fileID: 0}
    m_RemovedComponents: []
  m_ParentPrefab: {fileID: 100100000, guid: 68c786b97b5a15f429dac58249c0b5a4, type: 2}
  m_IsPrefabParent: 0
--- !u!1001 &1749474943
Prefab:
  m_ObjectHideFlags: 0
  serializedVersion: 2
  m_Modification:
    m_TransformParent: {fileID: 2070377734}
    m_Modifications:
    - target: {fileID: 4000013940731176, guid: 80867a08a569d64408b7eea74b7d660e, type: 2}
      propertyPath: m_LocalPosition.x
      value: 5.0554385
      objectReference: {fileID: 0}
    - target: {fileID: 4000013940731176, guid: 80867a08a569d64408b7eea74b7d660e, type: 2}
      propertyPath: m_LocalPosition.y
      value: 5.523411
      objectReference: {fileID: 0}
    - target: {fileID: 4000013940731176, guid: 80867a08a569d64408b7eea74b7d660e, type: 2}
      propertyPath: m_LocalPosition.z
      value: 0.0018318883
      objectReference: {fileID: 0}
    - target: {fileID: 4000013940731176, guid: 80867a08a569d64408b7eea74b7d660e, type: 2}
      propertyPath: m_LocalRotation.x
      value: -0
      objectReference: {fileID: 0}
    - target: {fileID: 4000013940731176, guid: 80867a08a569d64408b7eea74b7d660e, type: 2}
      propertyPath: m_LocalRotation.y
      value: 0.00023454797
      objectReference: {fileID: 0}
    - target: {fileID: 4000013940731176, guid: 80867a08a569d64408b7eea74b7d660e, type: 2}
      propertyPath: m_LocalRotation.z
      value: -0.7071068
      objectReference: {fileID: 0}
    - target: {fileID: 4000013940731176, guid: 80867a08a569d64408b7eea74b7d660e, type: 2}
      propertyPath: m_LocalRotation.w
      value: 0.70710677
      objectReference: {fileID: 0}
    - target: {fileID: 4000013940731176, guid: 80867a08a569d64408b7eea74b7d660e, type: 2}
      propertyPath: m_RootOrder
      value: 4
      objectReference: {fileID: 0}
    - target: {fileID: 4000013940731176, guid: 80867a08a569d64408b7eea74b7d660e, type: 2}
      propertyPath: m_LocalEulerAnglesHint.y
      value: 160
      objectReference: {fileID: 0}
    - target: {fileID: 1000012996730680, guid: 80867a08a569d64408b7eea74b7d660e, type: 2}
      propertyPath: m_Name
      value: CrackedGround (5)
      objectReference: {fileID: 0}
    - target: {fileID: 212000013795204614, guid: 80867a08a569d64408b7eea74b7d660e,
        type: 2}
      propertyPath: m_Sprite
      value: 
      objectReference: {fileID: 21300002, guid: 8c2f37baccf51f34cb43288495679912,
        type: 3}
    - target: {fileID: 212000013795204614, guid: 80867a08a569d64408b7eea74b7d660e,
        type: 2}
      propertyPath: m_SortingOrder
      value: -2
      objectReference: {fileID: 0}
    - target: {fileID: 4000013940731176, guid: 80867a08a569d64408b7eea74b7d660e, type: 2}
      propertyPath: m_LocalScale.x
      value: 1
      objectReference: {fileID: 0}
    - target: {fileID: 4000013940731176, guid: 80867a08a569d64408b7eea74b7d660e, type: 2}
      propertyPath: m_LocalScale.y
      value: 1
      objectReference: {fileID: 0}
    - target: {fileID: 4000013940731176, guid: 80867a08a569d64408b7eea74b7d660e, type: 2}
      propertyPath: m_LocalScale.z
      value: 1
      objectReference: {fileID: 0}
    m_RemovedComponents: []
  m_ParentPrefab: {fileID: 100100000, guid: 80867a08a569d64408b7eea74b7d660e, type: 2}
  m_IsPrefabParent: 0
--- !u!1001 &1878346882
Prefab:
  m_ObjectHideFlags: 0
  serializedVersion: 2
  m_Modification:
    m_TransformParent: {fileID: 0}
    m_Modifications:
    - target: {fileID: 4000012934507574, guid: bf0616d9adac8ca49852a6fdeeee60fa, type: 2}
      propertyPath: m_LocalPosition.x
      value: -4.92
      objectReference: {fileID: 0}
    - target: {fileID: 4000012934507574, guid: bf0616d9adac8ca49852a6fdeeee60fa, type: 2}
      propertyPath: m_LocalPosition.y
      value: 1.6262186
      objectReference: {fileID: 0}
    - target: {fileID: 4000012934507574, guid: bf0616d9adac8ca49852a6fdeeee60fa, type: 2}
      propertyPath: m_LocalPosition.z
      value: 5.94
      objectReference: {fileID: 0}
    - target: {fileID: 4000012934507574, guid: bf0616d9adac8ca49852a6fdeeee60fa, type: 2}
      propertyPath: m_LocalRotation.x
      value: 0
      objectReference: {fileID: 0}
    - target: {fileID: 4000012934507574, guid: bf0616d9adac8ca49852a6fdeeee60fa, type: 2}
      propertyPath: m_LocalRotation.y
      value: 0
      objectReference: {fileID: 0}
    - target: {fileID: 4000012934507574, guid: bf0616d9adac8ca49852a6fdeeee60fa, type: 2}
      propertyPath: m_LocalRotation.z
      value: 0
      objectReference: {fileID: 0}
    - target: {fileID: 4000012934507574, guid: bf0616d9adac8ca49852a6fdeeee60fa, type: 2}
      propertyPath: m_LocalRotation.w
      value: 1
      objectReference: {fileID: 0}
    - target: {fileID: 4000012934507574, guid: bf0616d9adac8ca49852a6fdeeee60fa, type: 2}
      propertyPath: m_RootOrder
      value: 1
      objectReference: {fileID: 0}
    m_RemovedComponents: []
  m_ParentPrefab: {fileID: 100100000, guid: bf0616d9adac8ca49852a6fdeeee60fa, type: 2}
  m_IsPrefabParent: 0
--- !u!1 &1917091464
GameObject:
  m_ObjectHideFlags: 0
  m_PrefabParentObject: {fileID: 0}
  m_PrefabInternal: {fileID: 0}
  serializedVersion: 5
  m_Component:
  - component: {fileID: 1917091468}
  - component: {fileID: 1917091467}
  - component: {fileID: 1917091466}
  - component: {fileID: 1917091465}
  m_Layer: 0
  m_Name: GameObject
  m_TagString: Untagged
  m_Icon: {fileID: 0}
  m_NavMeshLayer: 0
  m_StaticEditorFlags: 0
  m_IsActive: 1
--- !u!114 &1917091465
MonoBehaviour:
  m_ObjectHideFlags: 0
  m_PrefabParentObject: {fileID: 0}
  m_PrefabInternal: {fileID: 0}
  m_GameObject: {fileID: 1917091464}
  m_Enabled: 1
  m_EditorHideFlags: 0
  m_Script: {fileID: 11500000, guid: 04819cab585018a4bb563c882becca16, type: 3}
  m_Name: 
  m_EditorClassIdentifier: 
  hitpointSlider: {fileID: 0}
  weaponType: {fileID: 0}
  dialogueText: {fileID: 0}
  gameOverScreen: {fileID: 0}
--- !u!114 &1917091466
MonoBehaviour:
  m_ObjectHideFlags: 0
  m_PrefabParentObject: {fileID: 0}
  m_PrefabInternal: {fileID: 0}
  m_GameObject: {fileID: 1917091464}
  m_Enabled: 1
  m_EditorHideFlags: 0
  m_Script: {fileID: 11500000, guid: 04819cab585018a4bb563c882becca16, type: 3}
  m_Name: 
  m_EditorClassIdentifier: 
  hitpointSlider: {fileID: 0}
  weaponType: {fileID: 0}
  dialogueText: {fileID: 0}
  gameOverScreen: {fileID: 0}
--- !u!114 &1917091467
MonoBehaviour:
  m_ObjectHideFlags: 0
  m_PrefabParentObject: {fileID: 0}
  m_PrefabInternal: {fileID: 0}
  m_GameObject: {fileID: 1917091464}
  m_Enabled: 1
  m_EditorHideFlags: 0
  m_Script: {fileID: 11500000, guid: 272149b698286354ea8b8269d8184c3b, type: 3}
  m_Name: 
  m_EditorClassIdentifier: 
  MainPlayer: {fileID: 0}
  ui: {fileID: 0}
  audioKancl: {fileID: 0}
  audioSklad: {fileID: 0}
  audioDungeon: {fileID: 0}
  audioDungeonFinal: {fileID: 0}
  audioWin: {fileID: 0}
  weaponTypes:
  - Noha
  - Nic
  - Kouzlo
  - "Dv\u011B nohy"
--- !u!4 &1917091468
Transform:
  m_ObjectHideFlags: 0
  m_PrefabParentObject: {fileID: 0}
  m_PrefabInternal: {fileID: 0}
  m_GameObject: {fileID: 1917091464}
  m_LocalRotation: {x: 0, y: 0, z: 0, w: 1}
  m_LocalPosition: {x: 463, y: 487.1771, z: 0}
  m_LocalScale: {x: 1, y: 1, z: 1}
  m_Children: []
  m_Father: {fileID: 0}
  m_RootOrder: 8
  m_LocalEulerAnglesHint: {x: 0, y: 0, z: 0}
--- !u!1 &1961713377
GameObject:
  m_ObjectHideFlags: 0
  m_PrefabParentObject: {fileID: 0}
  m_PrefabInternal: {fileID: 0}
  serializedVersion: 5
  m_Component:
  - component: {fileID: 1961713378}
  - component: {fileID: 1961713379}
  - component: {fileID: 1961713380}
  m_Layer: 8
  m_Name: leftwall
  m_TagString: Untagged
  m_Icon: {fileID: 0}
  m_NavMeshLayer: 0
  m_StaticEditorFlags: 0
  m_IsActive: 1
--- !u!4 &1961713378
Transform:
  m_ObjectHideFlags: 0
  m_PrefabParentObject: {fileID: 0}
  m_PrefabInternal: {fileID: 0}
  m_GameObject: {fileID: 1961713377}
  m_LocalRotation: {x: -0, y: 0.7071068, z: -0, w: 0.7071068}
  m_LocalPosition: {x: -0.532, y: 21.6, z: 0.567}
  m_LocalScale: {x: 1.0381895, y: 43.93615, z: 0.06660779}
  m_Children: []
  m_Father: {fileID: 1315561638}
  m_RootOrder: 0
  m_LocalEulerAnglesHint: {x: 0, y: 90, z: 0}
--- !u!65 &1961713379
BoxCollider:
  m_ObjectHideFlags: 0
  m_PrefabParentObject: {fileID: 0}
  m_PrefabInternal: {fileID: 0}
  m_GameObject: {fileID: 1961713377}
  m_Material: {fileID: 0}
  m_IsTrigger: 0
  m_Enabled: 1
  serializedVersion: 2
  m_Size: {x: 1, y: 1, z: 1}
  m_Center: {x: 0, y: 0, z: 0}
--- !u!114 &1961713380
MonoBehaviour:
  m_ObjectHideFlags: 0
  m_PrefabParentObject: {fileID: 0}
  m_PrefabInternal: {fileID: 0}
  m_GameObject: {fileID: 1961713377}
  m_Enabled: 1
  m_EditorHideFlags: 0
  m_Script: {fileID: 11500000, guid: cc11bdcee442bfb45a427cde2f46a690, type: 3}
  m_Name: 
  m_EditorClassIdentifier: 
--- !u!1 &2065592482
GameObject:
  m_ObjectHideFlags: 0
  m_PrefabParentObject: {fileID: 0}
  m_PrefabInternal: {fileID: 0}
  serializedVersion: 5
  m_Component:
  - component: {fileID: 2065592483}
  - component: {fileID: 2065592485}
  - component: {fileID: 2065592484}
  m_Layer: 8
  m_Name: rightwall
  m_TagString: Untagged
  m_Icon: {fileID: 0}
  m_NavMeshLayer: 0
  m_StaticEditorFlags: 0
  m_IsActive: 1
--- !u!4 &2065592483
Transform:
  m_ObjectHideFlags: 0
  m_PrefabParentObject: {fileID: 0}
  m_PrefabInternal: {fileID: 0}
  m_GameObject: {fileID: 2065592482}
  m_LocalRotation: {x: -0, y: 0.7071068, z: -0, w: 0.7071068}
  m_LocalPosition: {x: 0.534, y: 21.6, z: -0.014}
  m_LocalScale: {x: 1.395487, y: 43.936195, z: 0.066608034}
  m_Children: []
  m_Father: {fileID: 1315561638}
  m_RootOrder: 6
  m_LocalEulerAnglesHint: {x: 0, y: 90, z: 0}
--- !u!114 &2065592484
MonoBehaviour:
  m_ObjectHideFlags: 0
  m_PrefabParentObject: {fileID: 0}
  m_PrefabInternal: {fileID: 0}
  m_GameObject: {fileID: 2065592482}
  m_Enabled: 1
  m_EditorHideFlags: 0
  m_Script: {fileID: 11500000, guid: cc11bdcee442bfb45a427cde2f46a690, type: 3}
  m_Name: 
  m_EditorClassIdentifier: 
--- !u!65 &2065592485
BoxCollider:
  m_ObjectHideFlags: 0
  m_PrefabParentObject: {fileID: 0}
  m_PrefabInternal: {fileID: 0}
  m_GameObject: {fileID: 2065592482}
  m_Material: {fileID: 0}
  m_IsTrigger: 0
  m_Enabled: 1
  serializedVersion: 2
  m_Size: {x: 1, y: 1, z: 1}
  m_Center: {x: 0, y: 0, z: 0}
--- !u!4 &2070377734 stripped
Transform:
  m_PrefabParentObject: {fileID: 4000013940731176, guid: 80867a08a569d64408b7eea74b7d660e,
    type: 2}
  m_PrefabInternal: {fileID: 84501964}
--- !u!1001 &2113862751
Prefab:
  m_ObjectHideFlags: 0
  serializedVersion: 2
  m_Modification:
    m_TransformParent: {fileID: 2070377734}
    m_Modifications:
    - target: {fileID: 4000013940731176, guid: 80867a08a569d64408b7eea74b7d660e, type: 2}
      propertyPath: m_LocalPosition.x
      value: 0.0044622635
      objectReference: {fileID: 0}
    - target: {fileID: 4000013940731176, guid: 80867a08a569d64408b7eea74b7d660e, type: 2}
      propertyPath: m_LocalPosition.y
      value: 0.44786346
      objectReference: {fileID: 0}
    - target: {fileID: 4000013940731176, guid: 80867a08a569d64408b7eea74b7d660e, type: 2}
      propertyPath: m_LocalPosition.z
      value: 0.0032203493
      objectReference: {fileID: 0}
    - target: {fileID: 4000013940731176, guid: 80867a08a569d64408b7eea74b7d660e, type: 2}
      propertyPath: m_LocalRotation.x
      value: -0
      objectReference: {fileID: 0}
    - target: {fileID: 4000013940731176, guid: 80867a08a569d64408b7eea74b7d660e, type: 2}
      propertyPath: m_LocalRotation.y
      value: -0
      objectReference: {fileID: 0}
    - target: {fileID: 4000013940731176, guid: 80867a08a569d64408b7eea74b7d660e, type: 2}
      propertyPath: m_LocalRotation.z
      value: -0
      objectReference: {fileID: 0}
    - target: {fileID: 4000013940731176, guid: 80867a08a569d64408b7eea74b7d660e, type: 2}
      propertyPath: m_LocalRotation.w
      value: 1
      objectReference: {fileID: 0}
    - target: {fileID: 4000013940731176, guid: 80867a08a569d64408b7eea74b7d660e, type: 2}
      propertyPath: m_RootOrder
      value: 1
      objectReference: {fileID: 0}
    - target: {fileID: 4000013940731176, guid: 80867a08a569d64408b7eea74b7d660e, type: 2}
      propertyPath: m_LocalEulerAnglesHint.y
      value: 70
      objectReference: {fileID: 0}
    - target: {fileID: 1000012996730680, guid: 80867a08a569d64408b7eea74b7d660e, type: 2}
      propertyPath: m_Name
      value: CrackedGround (2)
      objectReference: {fileID: 0}
    - target: {fileID: 212000013795204614, guid: 80867a08a569d64408b7eea74b7d660e,
        type: 2}
      propertyPath: m_Sprite
      value: 
      objectReference: {fileID: 21300012, guid: 8c2f37baccf51f34cb43288495679912,
        type: 3}
    - target: {fileID: 212000013795204614, guid: 80867a08a569d64408b7eea74b7d660e,
        type: 2}
      propertyPath: m_SortingOrder
      value: -2
      objectReference: {fileID: 0}
    - target: {fileID: 4000013940731176, guid: 80867a08a569d64408b7eea74b7d660e, type: 2}
      propertyPath: m_LocalScale.x
      value: 1
      objectReference: {fileID: 0}
    - target: {fileID: 4000013940731176, guid: 80867a08a569d64408b7eea74b7d660e, type: 2}
      propertyPath: m_LocalScale.y
      value: 1
      objectReference: {fileID: 0}
    - target: {fileID: 4000013940731176, guid: 80867a08a569d64408b7eea74b7d660e, type: 2}
      propertyPath: m_LocalScale.z
      value: 1
      objectReference: {fileID: 0}
    m_RemovedComponents: []
  m_ParentPrefab: {fileID: 100100000, guid: 80867a08a569d64408b7eea74b7d660e, type: 2}
  m_IsPrefabParent: 0
--- !u!1001 &2117991463
Prefab:
  m_ObjectHideFlags: 0
  serializedVersion: 2
  m_Modification:
    m_TransformParent: {fileID: 0}
    m_Modifications:
    - target: {fileID: 4000011244646292, guid: ed42a6e6c362d7440a02db75739cbbf3, type: 2}
      propertyPath: m_LocalPosition.x
      value: -1.5
      objectReference: {fileID: 0}
    - target: {fileID: 4000011244646292, guid: ed42a6e6c362d7440a02db75739cbbf3, type: 2}
      propertyPath: m_LocalPosition.y
      value: 1.37
      objectReference: {fileID: 0}
    - target: {fileID: 4000011244646292, guid: ed42a6e6c362d7440a02db75739cbbf3, type: 2}
      propertyPath: m_LocalPosition.z
      value: 3.72
      objectReference: {fileID: 0}
    - target: {fileID: 4000011244646292, guid: ed42a6e6c362d7440a02db75739cbbf3, type: 2}
      propertyPath: m_LocalRotation.x
      value: 0.7071068
      objectReference: {fileID: 0}
    - target: {fileID: 4000011244646292, guid: ed42a6e6c362d7440a02db75739cbbf3, type: 2}
      propertyPath: m_LocalRotation.y
      value: 0
      objectReference: {fileID: 0}
    - target: {fileID: 4000011244646292, guid: ed42a6e6c362d7440a02db75739cbbf3, type: 2}
      propertyPath: m_LocalRotation.z
      value: 0
      objectReference: {fileID: 0}
    - target: {fileID: 4000011244646292, guid: ed42a6e6c362d7440a02db75739cbbf3, type: 2}
      propertyPath: m_LocalRotation.w
      value: 0.7071068
      objectReference: {fileID: 0}
    - target: {fileID: 4000011244646292, guid: ed42a6e6c362d7440a02db75739cbbf3, type: 2}
      propertyPath: m_RootOrder
      value: 10
      objectReference: {fileID: 0}
    m_RemovedComponents: []
  m_ParentPrefab: {fileID: 100100000, guid: ed42a6e6c362d7440a02db75739cbbf3, type: 2}
  m_IsPrefabParent: 0
