%YAML 1.1
%TAG !u! tag:unity3d.com,2011:
--- !u!29 &1
SceneSettings:
  m_ObjectHideFlags: 0
  m_PVSData: 
  m_PVSObjectsArray: []
  m_PVSPortalsArray: []
  m_OcclusionBakeSettings:
    smallestOccluder: 5
    smallestHole: 0.25
    backfaceThreshold: 100
--- !u!104 &2
RenderSettings:
  m_ObjectHideFlags: 0
  serializedVersion: 7
  m_Fog: 0
  m_FogColor: {r: 0.5, g: 0.5, b: 0.5, a: 1}
  m_FogMode: 3
  m_FogDensity: 0.01
  m_LinearFogStart: 0
  m_LinearFogEnd: 300
  m_AmbientSkyColor: {r: 0.212, g: 0.227, b: 0.259, a: 1}
  m_AmbientEquatorColor: {r: 0.114, g: 0.125, b: 0.133, a: 1}
  m_AmbientGroundColor: {r: 0.047, g: 0.043, b: 0.035, a: 1}
  m_AmbientIntensity: 1
  m_AmbientMode: 3
  m_SkyboxMaterial: {fileID: 0}
  m_HaloStrength: 0.5
  m_FlareStrength: 1
  m_FlareFadeSpeed: 3
  m_HaloTexture: {fileID: 0}
  m_SpotCookie: {fileID: 10001, guid: 0000000000000000e000000000000000, type: 0}
  m_DefaultReflectionMode: 0
  m_DefaultReflectionResolution: 128
  m_ReflectionBounces: 1
  m_ReflectionIntensity: 1
  m_CustomReflection: {fileID: 0}
  m_Sun: {fileID: 0}
  m_IndirectSpecularColor: {r: 0, g: 0, b: 0, a: 1}
--- !u!157 &3
LightmapSettings:
  m_ObjectHideFlags: 0
  serializedVersion: 7
  m_GIWorkflowMode: 1
  m_GISettings:
    serializedVersion: 2
    m_BounceScale: 1
    m_IndirectOutputScale: 1
    m_AlbedoBoost: 1
    m_TemporalCoherenceThreshold: 1
    m_EnvironmentLightingMode: 0
    m_EnableBakedLightmaps: 0
    m_EnableRealtimeLightmaps: 0
  m_LightmapEditorSettings:
    serializedVersion: 4
    m_Resolution: 2
    m_BakeResolution: 40
    m_TextureWidth: 1024
    m_TextureHeight: 1024
    m_AO: 0
    m_AOMaxDistance: 1
    m_CompAOExponent: 1
    m_CompAOExponentDirect: 0
    m_Padding: 2
    m_LightmapParameters: {fileID: 0}
    m_LightmapsBakeMode: 1
    m_TextureCompression: 1
    m_DirectLightInLightProbes: 1
    m_FinalGather: 0
    m_FinalGatherFiltering: 1
    m_FinalGatherRayCount: 256
    m_ReflectionCompression: 2
  m_LightingDataAsset: {fileID: 0}
  m_RuntimeCPUUsage: 25
--- !u!196 &4
NavMeshSettings:
  serializedVersion: 2
  m_ObjectHideFlags: 0
  m_BuildSettings:
    serializedVersion: 2
    agentRadius: 0.5
    agentHeight: 2
    agentSlope: 36.6
    agentClimb: 0.4
    ledgeDropHeight: 0
    maxJumpAcrossDistance: 0
    accuratePlacement: 0
    minRegionArea: 2
    cellSize: 0.16666667
    manualCellSize: 0
  m_NavMeshData: {fileID: 23800000, guid: c396ed745b9db0c4ab84cd92cf6e9d92, type: 2}
--- !u!1001 &18272833
Prefab:
  m_ObjectHideFlags: 0
  serializedVersion: 2
  m_Modification:
    m_TransformParent: {fileID: 0}
    m_Modifications:
    - target: {fileID: 4000010802664650, guid: d8c2283492bda50488a97ee841acb00a, type: 2}
      propertyPath: m_LocalPosition.x
      value: -4.36
      objectReference: {fileID: 0}
    - target: {fileID: 4000010802664650, guid: d8c2283492bda50488a97ee841acb00a, type: 2}
      propertyPath: m_LocalPosition.y
      value: 0.75
      objectReference: {fileID: 0}
    - target: {fileID: 4000010802664650, guid: d8c2283492bda50488a97ee841acb00a, type: 2}
      propertyPath: m_LocalPosition.z
      value: 1.27
      objectReference: {fileID: 0}
    - target: {fileID: 4000010802664650, guid: d8c2283492bda50488a97ee841acb00a, type: 2}
      propertyPath: m_LocalRotation.x
      value: 0
      objectReference: {fileID: 0}
    - target: {fileID: 4000010802664650, guid: d8c2283492bda50488a97ee841acb00a, type: 2}
      propertyPath: m_LocalRotation.y
      value: 0
      objectReference: {fileID: 0}
    - target: {fileID: 4000010802664650, guid: d8c2283492bda50488a97ee841acb00a, type: 2}
      propertyPath: m_LocalRotation.z
      value: 0
      objectReference: {fileID: 0}
    - target: {fileID: 4000010802664650, guid: d8c2283492bda50488a97ee841acb00a, type: 2}
      propertyPath: m_LocalRotation.w
      value: 1
      objectReference: {fileID: 0}
    - target: {fileID: 4000010802664650, guid: d8c2283492bda50488a97ee841acb00a, type: 2}
      propertyPath: m_RootOrder
      value: 4
      objectReference: {fileID: 0}
    m_RemovedComponents: []
  m_ParentPrefab: {fileID: 100100000, guid: d8c2283492bda50488a97ee841acb00a, type: 2}
  m_IsPrefabParent: 0
--- !u!1001 &266233317
Prefab:
  m_ObjectHideFlags: 0
  serializedVersion: 2
  m_Modification:
    m_TransformParent: {fileID: 0}
    m_Modifications:
    - target: {fileID: 4000010500903338, guid: 93ca074429e4b2e41b7d382a08461d73, type: 2}
      propertyPath: m_LocalPosition.x
      value: 0.73
      objectReference: {fileID: 0}
    - target: {fileID: 4000010500903338, guid: 93ca074429e4b2e41b7d382a08461d73, type: 2}
      propertyPath: m_LocalPosition.y
      value: 0.61
      objectReference: {fileID: 0}
    - target: {fileID: 4000010500903338, guid: 93ca074429e4b2e41b7d382a08461d73, type: 2}
      propertyPath: m_LocalPosition.z
      value: 6.15
      objectReference: {fileID: 0}
    - target: {fileID: 4000010500903338, guid: 93ca074429e4b2e41b7d382a08461d73, type: 2}
      propertyPath: m_LocalRotation.x
      value: 0
      objectReference: {fileID: 0}
    - target: {fileID: 4000010500903338, guid: 93ca074429e4b2e41b7d382a08461d73, type: 2}
      propertyPath: m_LocalRotation.y
      value: 0
      objectReference: {fileID: 0}
    - target: {fileID: 4000010500903338, guid: 93ca074429e4b2e41b7d382a08461d73, type: 2}
      propertyPath: m_LocalRotation.z
      value: 0
      objectReference: {fileID: 0}
    - target: {fileID: 4000010500903338, guid: 93ca074429e4b2e41b7d382a08461d73, type: 2}
      propertyPath: m_LocalRotation.w
      value: 1
      objectReference: {fileID: 0}
    - target: {fileID: 4000010500903338, guid: 93ca074429e4b2e41b7d382a08461d73, type: 2}
      propertyPath: m_RootOrder
      value: 5
      objectReference: {fileID: 0}
    m_RemovedComponents: []
  m_ParentPrefab: {fileID: 100100000, guid: 93ca074429e4b2e41b7d382a08461d73, type: 2}
  m_IsPrefabParent: 0
--- !u!1 &314437750
GameObject:
  m_ObjectHideFlags: 0
  m_PrefabParentObject: {fileID: 0}
  m_PrefabInternal: {fileID: 0}
  serializedVersion: 4
  m_Component:
  - 4: {fileID: 314437752}
  - 108: {fileID: 314437751}
  m_Layer: 0
  m_Name: Directional light
  m_TagString: Untagged
  m_Icon: {fileID: 0}
  m_NavMeshLayer: 0
  m_StaticEditorFlags: 0
  m_IsActive: 1
--- !u!108 &314437751
Light:
  m_ObjectHideFlags: 0
  m_PrefabParentObject: {fileID: 0}
  m_PrefabInternal: {fileID: 0}
  m_GameObject: {fileID: 314437750}
  m_Enabled: 1
  serializedVersion: 7
  m_Type: 1
  m_Color: {r: 1, g: 1, b: 1, a: 1}
  m_Intensity: 1
  m_Range: 10
  m_SpotAngle: 30
  m_CookieSize: 10
  m_Shadows:
    m_Type: 0
    m_Resolution: -1
    m_CustomResolution: -1
    m_Strength: 1
    m_Bias: 0.05
    m_NormalBias: 0.4
    m_NearPlane: 0.2
  m_Cookie: {fileID: 0}
  m_DrawHalo: 0
  m_Flare: {fileID: 0}
  m_RenderMode: 0
  m_CullingMask:
    serializedVersion: 2
    m_Bits: 4294967295
  m_Lightmapping: 4
  m_AreaSize: {x: 1, y: 1}
  m_BounceIntensity: 1
  m_ShadowRadius: 0
  m_ShadowAngle: 0
--- !u!4 &314437752
Transform:
  m_ObjectHideFlags: 0
  m_PrefabParentObject: {fileID: 0}
  m_PrefabInternal: {fileID: 0}
  m_GameObject: {fileID: 314437750}
  m_LocalRotation: {x: 0.40821788, y: -0.23456968, z: 0.10938163, w: 0.8754261}
  m_LocalPosition: {x: 4.3317647, y: 2.5995784, z: 5.9399176}
  m_LocalScale: {x: 1, y: 1, z: 1}
  m_LocalEulerAnglesHint: {x: 50, y: -30, z: 0}
  m_Children: []
  m_Father: {fileID: 0}
  m_RootOrder: 3
--- !u!1 &390481929
GameObject:
  m_ObjectHideFlags: 0
  m_PrefabParentObject: {fileID: 0}
  m_PrefabInternal: {fileID: 0}
  serializedVersion: 4
  m_Component:
  - 4: {fileID: 390481930}
  - 65: {fileID: 390481931}
  - 114: {fileID: 390481932}
  m_Layer: 8
  m_Name: Wall (1)
  m_TagString: Untagged
  m_Icon: {fileID: 0}
  m_NavMeshLayer: 0
  m_StaticEditorFlags: 0
  m_IsActive: 1
--- !u!4 &390481930
Transform:
  m_ObjectHideFlags: 0
  m_PrefabParentObject: {fileID: 0}
  m_PrefabInternal: {fileID: 0}
  m_GameObject: {fileID: 390481929}
  m_LocalRotation: {x: -0, y: -0, z: -0, w: 1}
  m_LocalPosition: {x: 0.198, y: 20.699999, z: -0.5595027}
  m_LocalScale: {x: 0.7330538, y: 43.93615, z: 0.14788577}
  m_LocalEulerAnglesHint: {x: 0, y: 0, z: 0}
  m_Children: []
  m_Father: {fileID: 1315561638}
  m_RootOrder: 4
--- !u!65 &390481931
BoxCollider:
  m_ObjectHideFlags: 0
  m_PrefabParentObject: {fileID: 0}
  m_PrefabInternal: {fileID: 0}
  m_GameObject: {fileID: 390481929}
  m_Material: {fileID: 0}
  m_IsTrigger: 0
  m_Enabled: 1
  serializedVersion: 2
  m_Size: {x: 1, y: 1, z: 1}
  m_Center: {x: 0, y: 0, z: 0}
--- !u!114 &390481932
MonoBehaviour:
  m_ObjectHideFlags: 0
  m_PrefabParentObject: {fileID: 0}
  m_PrefabInternal: {fileID: 0}
  m_GameObject: {fileID: 390481929}
  m_Enabled: 1
  m_EditorHideFlags: 0
  m_Script: {fileID: 11500000, guid: cc11bdcee442bfb45a427cde2f46a690, type: 3}
  m_Name: 
  m_EditorClassIdentifier: 
--- !u!1001 &553699824
Prefab:
  m_ObjectHideFlags: 0
  serializedVersion: 2
  m_Modification:
    m_TransformParent: {fileID: 0}
    m_Modifications:
    - target: {fileID: 4000012934507574, guid: d8d64f8f9a8fe764d8272b640ba5b401, type: 2}
      propertyPath: m_LocalPosition.x
      value: 5.24
      objectReference: {fileID: 0}
    - target: {fileID: 4000012934507574, guid: d8d64f8f9a8fe764d8272b640ba5b401, type: 2}
      propertyPath: m_LocalPosition.y
      value: 1
      objectReference: {fileID: 0}
    - target: {fileID: 4000012934507574, guid: d8d64f8f9a8fe764d8272b640ba5b401, type: 2}
      propertyPath: m_LocalPosition.z
      value: 3.13
      objectReference: {fileID: 0}
    - target: {fileID: 4000012934507574, guid: d8d64f8f9a8fe764d8272b640ba5b401, type: 2}
      propertyPath: m_LocalRotation.x
      value: 0
      objectReference: {fileID: 0}
    - target: {fileID: 4000012934507574, guid: d8d64f8f9a8fe764d8272b640ba5b401, type: 2}
      propertyPath: m_LocalRotation.y
      value: 0
      objectReference: {fileID: 0}
    - target: {fileID: 4000012934507574, guid: d8d64f8f9a8fe764d8272b640ba5b401, type: 2}
      propertyPath: m_LocalRotation.z
      value: 0
      objectReference: {fileID: 0}
    - target: {fileID: 4000012934507574, guid: d8d64f8f9a8fe764d8272b640ba5b401, type: 2}
      propertyPath: m_LocalRotation.w
      value: 1
      objectReference: {fileID: 0}
    - target: {fileID: 4000012934507574, guid: d8d64f8f9a8fe764d8272b640ba5b401, type: 2}
      propertyPath: m_RootOrder
      value: 15
      objectReference: {fileID: 0}
    - target: {fileID: 114000010012844692, guid: d8d64f8f9a8fe764d8272b640ba5b401,
        type: 2}
      propertyPath: target
      value: 
      objectReference: {fileID: 0}
    - target: {fileID: 4000010995578708, guid: d8d64f8f9a8fe764d8272b640ba5b401, type: 2}
      propertyPath: m_LocalRotation.x
      value: -0.5
      objectReference: {fileID: 0}
    - target: {fileID: 4000010995578708, guid: d8d64f8f9a8fe764d8272b640ba5b401, type: 2}
      propertyPath: m_LocalRotation.y
      value: -0.5
      objectReference: {fileID: 0}
    - target: {fileID: 4000010995578708, guid: d8d64f8f9a8fe764d8272b640ba5b401, type: 2}
      propertyPath: m_LocalRotation.z
      value: -0.5
      objectReference: {fileID: 0}
    - target: {fileID: 4000010995578708, guid: d8d64f8f9a8fe764d8272b640ba5b401, type: 2}
      propertyPath: m_LocalRotation.w
      value: 0.5
      objectReference: {fileID: 0}
    - target: {fileID: 4000010995578708, guid: d8d64f8f9a8fe764d8272b640ba5b401, type: 2}
      propertyPath: m_LocalEulerAnglesHint.y
      value: -90
      objectReference: {fileID: 0}
    - target: {fileID: 4000010995578708, guid: d8d64f8f9a8fe764d8272b640ba5b401, type: 2}
      propertyPath: m_LocalEulerAnglesHint.z
      value: 0
      objectReference: {fileID: 0}
    - target: {fileID: 1000013306925974, guid: d8d64f8f9a8fe764d8272b640ba5b401, type: 2}
      propertyPath: m_Name
      value: Enemy (2)
      objectReference: {fileID: 0}
    m_RemovedComponents: []
  m_ParentPrefab: {fileID: 100100000, guid: d8d64f8f9a8fe764d8272b640ba5b401, type: 2}
  m_IsPrefabParent: 0
--- !u!1001 &627519388
Prefab:
  m_ObjectHideFlags: 0
  serializedVersion: 2
  m_Modification:
    m_TransformParent: {fileID: 0}
    m_Modifications:
    - target: {fileID: 4000012934507574, guid: d8d64f8f9a8fe764d8272b640ba5b401, type: 2}
      propertyPath: m_LocalPosition.x
      value: 5.24
      objectReference: {fileID: 0}
    - target: {fileID: 4000012934507574, guid: d8d64f8f9a8fe764d8272b640ba5b401, type: 2}
      propertyPath: m_LocalPosition.y
      value: 1
      objectReference: {fileID: 0}
    - target: {fileID: 4000012934507574, guid: d8d64f8f9a8fe764d8272b640ba5b401, type: 2}
      propertyPath: m_LocalPosition.z
      value: 5
      objectReference: {fileID: 0}
    - target: {fileID: 4000012934507574, guid: d8d64f8f9a8fe764d8272b640ba5b401, type: 2}
      propertyPath: m_LocalRotation.x
      value: 0
      objectReference: {fileID: 0}
    - target: {fileID: 4000012934507574, guid: d8d64f8f9a8fe764d8272b640ba5b401, type: 2}
      propertyPath: m_LocalRotation.y
      value: 0
      objectReference: {fileID: 0}
    - target: {fileID: 4000012934507574, guid: d8d64f8f9a8fe764d8272b640ba5b401, type: 2}
      propertyPath: m_LocalRotation.z
      value: 0
      objectReference: {fileID: 0}
    - target: {fileID: 4000012934507574, guid: d8d64f8f9a8fe764d8272b640ba5b401, type: 2}
      propertyPath: m_LocalRotation.w
      value: 1
      objectReference: {fileID: 0}
    - target: {fileID: 4000012934507574, guid: d8d64f8f9a8fe764d8272b640ba5b401, type: 2}
      propertyPath: m_RootOrder
      value: 14
      objectReference: {fileID: 0}
    - target: {fileID: 114000010012844692, guid: d8d64f8f9a8fe764d8272b640ba5b401,
        type: 2}
      propertyPath: target
      value: 
      objectReference: {fileID: 0}
    - target: {fileID: 4000010995578708, guid: d8d64f8f9a8fe764d8272b640ba5b401, type: 2}
      propertyPath: m_LocalRotation.x
      value: -0.5
      objectReference: {fileID: 0}
    - target: {fileID: 4000010995578708, guid: d8d64f8f9a8fe764d8272b640ba5b401, type: 2}
      propertyPath: m_LocalRotation.y
      value: -0.5
      objectReference: {fileID: 0}
    - target: {fileID: 4000010995578708, guid: d8d64f8f9a8fe764d8272b640ba5b401, type: 2}
      propertyPath: m_LocalRotation.z
      value: -0.5
      objectReference: {fileID: 0}
    - target: {fileID: 4000010995578708, guid: d8d64f8f9a8fe764d8272b640ba5b401, type: 2}
      propertyPath: m_LocalRotation.w
      value: 0.5
      objectReference: {fileID: 0}
    - target: {fileID: 4000010995578708, guid: d8d64f8f9a8fe764d8272b640ba5b401, type: 2}
      propertyPath: m_LocalEulerAnglesHint.y
      value: -90
      objectReference: {fileID: 0}
    - target: {fileID: 4000010995578708, guid: d8d64f8f9a8fe764d8272b640ba5b401, type: 2}
      propertyPath: m_LocalEulerAnglesHint.z
      value: 0
      objectReference: {fileID: 0}
    - target: {fileID: 1000013306925974, guid: d8d64f8f9a8fe764d8272b640ba5b401, type: 2}
      propertyPath: m_Name
      value: Enemy (1)
      objectReference: {fileID: 0}
    m_RemovedComponents: []
  m_ParentPrefab: {fileID: 100100000, guid: d8d64f8f9a8fe764d8272b640ba5b401, type: 2}
  m_IsPrefabParent: 0
--- !u!1001 &961826490
Prefab:
  m_ObjectHideFlags: 0
  serializedVersion: 2
  m_Modification:
    m_TransformParent: {fileID: 0}
    m_Modifications:
    - target: {fileID: 4000012934507574, guid: d8d64f8f9a8fe764d8272b640ba5b401, type: 2}
      propertyPath: m_LocalPosition.x
      value: 3.34
      objectReference: {fileID: 0}
    - target: {fileID: 4000012934507574, guid: d8d64f8f9a8fe764d8272b640ba5b401, type: 2}
      propertyPath: m_LocalPosition.y
      value: 1
      objectReference: {fileID: 0}
    - target: {fileID: 4000012934507574, guid: d8d64f8f9a8fe764d8272b640ba5b401, type: 2}
      propertyPath: m_LocalPosition.z
      value: 3.13
      objectReference: {fileID: 0}
    - target: {fileID: 4000012934507574, guid: d8d64f8f9a8fe764d8272b640ba5b401, type: 2}
      propertyPath: m_LocalRotation.x
      value: 0
      objectReference: {fileID: 0}
    - target: {fileID: 4000012934507574, guid: d8d64f8f9a8fe764d8272b640ba5b401, type: 2}
      propertyPath: m_LocalRotation.y
      value: 0
      objectReference: {fileID: 0}
    - target: {fileID: 4000012934507574, guid: d8d64f8f9a8fe764d8272b640ba5b401, type: 2}
      propertyPath: m_LocalRotation.z
      value: 0
      objectReference: {fileID: 0}
    - target: {fileID: 4000012934507574, guid: d8d64f8f9a8fe764d8272b640ba5b401, type: 2}
      propertyPath: m_LocalRotation.w
      value: 1
      objectReference: {fileID: 0}
    - target: {fileID: 4000012934507574, guid: d8d64f8f9a8fe764d8272b640ba5b401, type: 2}
      propertyPath: m_RootOrder
      value: 16
      objectReference: {fileID: 0}
    - target: {fileID: 114000010012844692, guid: d8d64f8f9a8fe764d8272b640ba5b401,
        type: 2}
      propertyPath: target
      value: 
      objectReference: {fileID: 0}
    - target: {fileID: 4000010995578708, guid: d8d64f8f9a8fe764d8272b640ba5b401, type: 2}
      propertyPath: m_LocalRotation.x
      value: -0.5
      objectReference: {fileID: 0}
    - target: {fileID: 4000010995578708, guid: d8d64f8f9a8fe764d8272b640ba5b401, type: 2}
      propertyPath: m_LocalRotation.y
      value: -0.5
      objectReference: {fileID: 0}
    - target: {fileID: 4000010995578708, guid: d8d64f8f9a8fe764d8272b640ba5b401, type: 2}
      propertyPath: m_LocalRotation.z
      value: -0.5
      objectReference: {fileID: 0}
    - target: {fileID: 4000010995578708, guid: d8d64f8f9a8fe764d8272b640ba5b401, type: 2}
      propertyPath: m_LocalRotation.w
      value: 0.5
      objectReference: {fileID: 0}
    - target: {fileID: 4000010995578708, guid: d8d64f8f9a8fe764d8272b640ba5b401, type: 2}
      propertyPath: m_LocalEulerAnglesHint.y
      value: -90
      objectReference: {fileID: 0}
    - target: {fileID: 4000010995578708, guid: d8d64f8f9a8fe764d8272b640ba5b401, type: 2}
      propertyPath: m_LocalEulerAnglesHint.z
      value: 0
      objectReference: {fileID: 0}
    - target: {fileID: 1000013306925974, guid: d8d64f8f9a8fe764d8272b640ba5b401, type: 2}
      propertyPath: m_Name
      value: Enemy (3)
      objectReference: {fileID: 0}
    m_RemovedComponents: []
  m_ParentPrefab: {fileID: 100100000, guid: d8d64f8f9a8fe764d8272b640ba5b401, type: 2}
  m_IsPrefabParent: 0
--- !u!1 &985760348
GameObject:
  m_ObjectHideFlags: 0
  m_PrefabParentObject: {fileID: 0}
  m_PrefabInternal: {fileID: 0}
  serializedVersion: 4
  m_Component:
  - 4: {fileID: 985760349}
  - 65: {fileID: 985760350}
  - 114: {fileID: 985760351}
  m_Layer: 8
  m_Name: Wall (2)
  m_TagString: Untagged
  m_Icon: {fileID: 0}
  m_NavMeshLayer: 0
  m_StaticEditorFlags: 0
  m_IsActive: 1
--- !u!4 &985760349
Transform:
  m_ObjectHideFlags: 0
  m_PrefabParentObject: {fileID: 0}
  m_PrefabInternal: {fileID: 0}
  m_GameObject: {fileID: 985760348}
  m_LocalRotation: {x: -0, y: 0.7071068, z: -0, w: 0.7071068}
  m_LocalPosition: {x: 0.5344, y: 21.6, z: 0.010657184}
  m_LocalScale: {x: 1.0381895, y: 43.93615, z: 0.06660779}
  m_LocalEulerAnglesHint: {x: 0, y: 90, z: 0}
  m_Children: []
  m_Father: {fileID: 1315561638}
  m_RootOrder: 1
--- !u!65 &985760350
BoxCollider:
  m_ObjectHideFlags: 0
  m_PrefabParentObject: {fileID: 0}
  m_PrefabInternal: {fileID: 0}
  m_GameObject: {fileID: 985760348}
  m_Material: {fileID: 0}
  m_IsTrigger: 0
  m_Enabled: 1
  serializedVersion: 2
  m_Size: {x: 1, y: 1, z: 1}
  m_Center: {x: 0, y: 0, z: 0}
--- !u!114 &985760351
MonoBehaviour:
  m_ObjectHideFlags: 0
  m_PrefabParentObject: {fileID: 0}
  m_PrefabInternal: {fileID: 0}
  m_GameObject: {fileID: 985760348}
  m_Enabled: 1
  m_EditorHideFlags: 0
  m_Script: {fileID: 11500000, guid: cc11bdcee442bfb45a427cde2f46a690, type: 3}
  m_Name: 
  m_EditorClassIdentifier: 
--- !u!1 &999032206
GameObject:
  m_ObjectHideFlags: 0
  m_PrefabParentObject: {fileID: 0}
  m_PrefabInternal: {fileID: 0}
  serializedVersion: 4
  m_Component:
  - 4: {fileID: 999032207}
  - 65: {fileID: 999032208}
  - 114: {fileID: 999032209}
  m_Layer: 8
  m_Name: Wall
  m_TagString: Untagged
  m_Icon: {fileID: 0}
  m_NavMeshLayer: 0
  m_StaticEditorFlags: 0
  m_IsActive: 1
--- !u!4 &999032207
Transform:
  m_ObjectHideFlags: 0
  m_PrefabParentObject: {fileID: 0}
  m_PrefabInternal: {fileID: 0}
  m_GameObject: {fileID: 999032206}
  m_LocalRotation: {x: -0, y: -0, z: -0, w: 1}
  m_LocalPosition: {x: 0.26, y: 20.699999, z: 0.5648313}
  m_LocalScale: {x: 1, y: 43.93615, z: 0.14788577}
  m_LocalEulerAnglesHint: {x: 0, y: 0, z: 0}
  m_Children: []
  m_Father: {fileID: 1315561638}
  m_RootOrder: 2
--- !u!65 &999032208
BoxCollider:
  m_ObjectHideFlags: 0
  m_PrefabParentObject: {fileID: 0}
  m_PrefabInternal: {fileID: 0}
  m_GameObject: {fileID: 999032206}
  m_Material: {fileID: 0}
  m_IsTrigger: 0
  m_Enabled: 1
  serializedVersion: 2
  m_Size: {x: 1, y: 1, z: 1}
  m_Center: {x: 0, y: 0, z: 0}
--- !u!114 &999032209
MonoBehaviour:
  m_ObjectHideFlags: 0
  m_PrefabParentObject: {fileID: 0}
  m_PrefabInternal: {fileID: 0}
  m_GameObject: {fileID: 999032206}
  m_Enabled: 1
  m_EditorHideFlags: 0
  m_Script: {fileID: 11500000, guid: cc11bdcee442bfb45a427cde2f46a690, type: 3}
  m_Name: 
  m_EditorClassIdentifier: 
--- !u!1001 &1207727098
Prefab:
  m_ObjectHideFlags: 0
  serializedVersion: 2
  m_Modification:
    m_TransformParent: {fileID: 0}
    m_Modifications:
    - target: {fileID: 4000012934507574, guid: d8d64f8f9a8fe764d8272b640ba5b401, type: 2}
      propertyPath: m_LocalPosition.x
      value: 2.64
      objectReference: {fileID: 0}
    - target: {fileID: 4000012934507574, guid: d8d64f8f9a8fe764d8272b640ba5b401, type: 2}
      propertyPath: m_LocalPosition.y
      value: 1
      objectReference: {fileID: 0}
    - target: {fileID: 4000012934507574, guid: d8d64f8f9a8fe764d8272b640ba5b401, type: 2}
      propertyPath: m_LocalPosition.z
      value: 5
      objectReference: {fileID: 0}
    - target: {fileID: 4000012934507574, guid: d8d64f8f9a8fe764d8272b640ba5b401, type: 2}
      propertyPath: m_LocalRotation.x
      value: 0
      objectReference: {fileID: 0}
    - target: {fileID: 4000012934507574, guid: d8d64f8f9a8fe764d8272b640ba5b401, type: 2}
      propertyPath: m_LocalRotation.y
      value: 0
      objectReference: {fileID: 0}
    - target: {fileID: 4000012934507574, guid: d8d64f8f9a8fe764d8272b640ba5b401, type: 2}
      propertyPath: m_LocalRotation.z
      value: 0
      objectReference: {fileID: 0}
    - target: {fileID: 4000012934507574, guid: d8d64f8f9a8fe764d8272b640ba5b401, type: 2}
      propertyPath: m_LocalRotation.w
      value: 1
      objectReference: {fileID: 0}
    - target: {fileID: 4000012934507574, guid: d8d64f8f9a8fe764d8272b640ba5b401, type: 2}
      propertyPath: m_RootOrder
      value: 2
      objectReference: {fileID: 0}
    - target: {fileID: 114000010012844692, guid: d8d64f8f9a8fe764d8272b640ba5b401,
        type: 2}
      propertyPath: target
      value: 
      objectReference: {fileID: 0}
    - target: {fileID: 4000010995578708, guid: d8d64f8f9a8fe764d8272b640ba5b401, type: 2}
      propertyPath: m_LocalRotation.x
      value: -0.5
      objectReference: {fileID: 0}
    - target: {fileID: 4000010995578708, guid: d8d64f8f9a8fe764d8272b640ba5b401, type: 2}
      propertyPath: m_LocalRotation.y
      value: -0.5
      objectReference: {fileID: 0}
    - target: {fileID: 4000010995578708, guid: d8d64f8f9a8fe764d8272b640ba5b401, type: 2}
      propertyPath: m_LocalRotation.z
      value: -0.5
      objectReference: {fileID: 0}
    - target: {fileID: 4000010995578708, guid: d8d64f8f9a8fe764d8272b640ba5b401, type: 2}
      propertyPath: m_LocalRotation.w
      value: 0.5
      objectReference: {fileID: 0}
    - target: {fileID: 4000010995578708, guid: d8d64f8f9a8fe764d8272b640ba5b401, type: 2}
      propertyPath: m_LocalEulerAnglesHint.y
      value: -90
      objectReference: {fileID: 0}
    - target: {fileID: 4000010995578708, guid: d8d64f8f9a8fe764d8272b640ba5b401, type: 2}
      propertyPath: m_LocalEulerAnglesHint.z
      value: 0
      objectReference: {fileID: 0}
    m_RemovedComponents: []
  m_ParentPrefab: {fileID: 100100000, guid: d8d64f8f9a8fe764d8272b640ba5b401, type: 2}
  m_IsPrefabParent: 0
--- !u!1 &1228667928
GameObject:
  m_ObjectHideFlags: 0
  m_PrefabParentObject: {fileID: 0}
  m_PrefabInternal: {fileID: 0}
  serializedVersion: 4
  m_Component:
  - 4: {fileID: 1228667933}
  - 20: {fileID: 1228667932}
  - 124: {fileID: 1228667931}
  - 92: {fileID: 1228667930}
  - 81: {fileID: 1228667929}
  m_Layer: 0
  m_Name: Camera
  m_TagString: Untagged
  m_Icon: {fileID: 0}
  m_NavMeshLayer: 0
  m_StaticEditorFlags: 0
  m_IsActive: 1
--- !u!81 &1228667929
AudioListener:
  m_ObjectHideFlags: 0
  m_PrefabParentObject: {fileID: 0}
  m_PrefabInternal: {fileID: 0}
  m_GameObject: {fileID: 1228667928}
  m_Enabled: 1
--- !u!92 &1228667930
Behaviour:
  m_ObjectHideFlags: 0
  m_PrefabParentObject: {fileID: 0}
  m_PrefabInternal: {fileID: 0}
  m_GameObject: {fileID: 1228667928}
  m_Enabled: 1
--- !u!124 &1228667931
Behaviour:
  m_ObjectHideFlags: 0
  m_PrefabParentObject: {fileID: 0}
  m_PrefabInternal: {fileID: 0}
  m_GameObject: {fileID: 1228667928}
  m_Enabled: 1
--- !u!20 &1228667932
Camera:
  m_ObjectHideFlags: 0
  m_PrefabParentObject: {fileID: 0}
  m_PrefabInternal: {fileID: 0}
  m_GameObject: {fileID: 1228667928}
  m_Enabled: 1
  serializedVersion: 2
  m_ClearFlags: 1
  m_BackGroundColor: {r: 0.19215687, g: 0.3019608, b: 0.4745098, a: 0}
  m_NormalizedViewPortRect:
    serializedVersion: 2
    x: 0
    y: 0
    width: 1
    height: 1
  near clip plane: 0.3
  far clip plane: 1000
  field of view: 60
  orthographic: 1
  orthographic size: 3.985
  m_Depth: 0
  m_CullingMask:
    serializedVersion: 2
    m_Bits: 4294967039
  m_RenderingPath: -1
  m_TargetTexture: {fileID: 0}
  m_TargetDisplay: 0
  m_TargetEye: 3
  m_HDR: 0
  m_OcclusionCulling: 1
  m_StereoConvergence: 10
  m_StereoSeparation: 0.022
  m_StereoMirrorMode: 0
--- !u!4 &1228667933
Transform:
  m_ObjectHideFlags: 0
  m_PrefabParentObject: {fileID: 0}
  m_PrefabInternal: {fileID: 0}
  m_GameObject: {fileID: 1228667928}
  m_LocalRotation: {x: 0.7071068, y: 0, z: 0, w: 0.7071068}
  m_LocalPosition: {x: 0.3, y: 8.28, z: 4.28}
  m_LocalScale: {x: 1, y: 1, z: 1}
  m_LocalEulerAnglesHint: {x: 90, y: 0, z: 0}
  m_Children: []
  m_Father: {fileID: 0}
  m_RootOrder: 1
--- !u!1 &1315561634
GameObject:
  m_ObjectHideFlags: 0
  m_PrefabParentObject: {fileID: 0}
  m_PrefabInternal: {fileID: 0}
  serializedVersion: 4
  m_Component:
  - 4: {fileID: 1315561638}
  - 33: {fileID: 1315561637}
  - 65: {fileID: 1315561636}
  - 23: {fileID: 1315561635}
  m_Layer: 8
  m_Name: Floor
  m_TagString: Untagged
  m_Icon: {fileID: 0}
  m_NavMeshLayer: 0
  m_StaticEditorFlags: 4294967295
  m_IsActive: 1
--- !u!23 &1315561635
MeshRenderer:
  m_ObjectHideFlags: 0
  m_PrefabParentObject: {fileID: 0}
  m_PrefabInternal: {fileID: 0}
  m_GameObject: {fileID: 1315561634}
  m_Enabled: 1
  m_CastShadows: 1
  m_ReceiveShadows: 1
  m_MotionVectors: 1
  m_LightProbeUsage: 1
  m_ReflectionProbeUsage: 1
  m_Materials:
  - {fileID: 10303, guid: 0000000000000000f000000000000000, type: 0}
  m_SubsetIndices: 
  m_StaticBatchRoot: {fileID: 0}
  m_ProbeAnchor: {fileID: 0}
  m_LightProbeVolumeOverride: {fileID: 0}
  m_ScaleInLightmap: 1
  m_PreserveUVs: 1
  m_IgnoreNormalsForChartDetection: 0
  m_ImportantGI: 0
  m_SelectedWireframeHidden: 0
  m_MinimumChartSize: 4
  m_AutoUVMaxDistance: 0.5
  m_AutoUVMaxAngle: 89
  m_LightmapParameters: {fileID: 0}
  m_SortingLayerID: 0
  m_SortingOrder: 0
--- !u!65 &1315561636
BoxCollider:
  m_ObjectHideFlags: 0
  m_PrefabParentObject: {fileID: 0}
  m_PrefabInternal: {fileID: 0}
  m_GameObject: {fileID: 1315561634}
  m_Material: {fileID: 0}
  m_IsTrigger: 0
  m_Enabled: 1
  serializedVersion: 2
  m_Size: {x: 1, y: 1, z: 1}
  m_Center: {x: 0, y: 0, z: 0}
--- !u!33 &1315561637
MeshFilter:
  m_ObjectHideFlags: 0
  m_PrefabParentObject: {fileID: 0}
  m_PrefabInternal: {fileID: 0}
  m_GameObject: {fileID: 1315561634}
  m_Mesh: {fileID: 10202, guid: 0000000000000000e000000000000000, type: 0}
--- !u!4 &1315561638
Transform:
  m_ObjectHideFlags: 0
  m_PrefabParentObject: {fileID: 0}
  m_PrefabInternal: {fileID: 0}
  m_GameObject: {fileID: 1315561634}
  m_LocalRotation: {x: -0, y: -0, z: -0, w: 1}
  m_LocalPosition: {x: 0.28, y: 0, z: 3.76}
  m_LocalScale: {x: 12.5, y: 0.1, z: 5.63}
  m_LocalEulerAnglesHint: {x: 0, y: 0, z: 0}
  m_Children:
  - {fileID: 1961713378}
  - {fileID: 985760349}
  - {fileID: 999032207}
  - {fileID: 1649597074}
  - {fileID: 390481930}
  m_Father: {fileID: 0}
  m_RootOrder: 0
--- !u!1001 &1474935631
Prefab:
  m_ObjectHideFlags: 0
  serializedVersion: 2
  m_Modification:
    m_TransformParent: {fileID: 0}
    m_Modifications:
    - target: {fileID: 4000010500903338, guid: 93ca074429e4b2e41b7d382a08461d73, type: 2}
      propertyPath: m_LocalPosition.x
      value: 0.73
      objectReference: {fileID: 0}
    - target: {fileID: 4000010500903338, guid: 93ca074429e4b2e41b7d382a08461d73, type: 2}
      propertyPath: m_LocalPosition.y
      value: 0.61
      objectReference: {fileID: 0}
    - target: {fileID: 4000010500903338, guid: 93ca074429e4b2e41b7d382a08461d73, type: 2}
      propertyPath: m_LocalPosition.z
      value: 3.43
      objectReference: {fileID: 0}
    - target: {fileID: 4000010500903338, guid: 93ca074429e4b2e41b7d382a08461d73, type: 2}
      propertyPath: m_LocalRotation.x
      value: 0
      objectReference: {fileID: 0}
    - target: {fileID: 4000010500903338, guid: 93ca074429e4b2e41b7d382a08461d73, type: 2}
      propertyPath: m_LocalRotation.y
      value: 0
      objectReference: {fileID: 0}
    - target: {fileID: 4000010500903338, guid: 93ca074429e4b2e41b7d382a08461d73, type: 2}
      propertyPath: m_LocalRotation.z
      value: 0
      objectReference: {fileID: 0}
    - target: {fileID: 4000010500903338, guid: 93ca074429e4b2e41b7d382a08461d73, type: 2}
      propertyPath: m_LocalRotation.w
      value: 1
      objectReference: {fileID: 0}
    - target: {fileID: 4000010500903338, guid: 93ca074429e4b2e41b7d382a08461d73, type: 2}
      propertyPath: m_RootOrder
      value: 8
      objectReference: {fileID: 0}
    - target: {fileID: 1000012672325560, guid: 93ca074429e4b2e41b7d382a08461d73, type: 2}
      propertyPath: m_Name
      value: Crate (3)
      objectReference: {fileID: 0}
    m_RemovedComponents: []
  m_ParentPrefab: {fileID: 100100000, guid: 93ca074429e4b2e41b7d382a08461d73, type: 2}
  m_IsPrefabParent: 0
--- !u!1 &1570858902
GameObject:
  m_ObjectHideFlags: 0
  m_PrefabParentObject: {fileID: 0}
  m_PrefabInternal: {fileID: 0}
  serializedVersion: 4
  m_Component:
  - 4: {fileID: 1570858904}
  - 212: {fileID: 1570858903}
  m_Layer: 0
  m_Name: objekty_1
  m_TagString: Untagged
  m_Icon: {fileID: 0}
  m_NavMeshLayer: 0
  m_StaticEditorFlags: 0
  m_IsActive: 1
--- !u!212 &1570858903
SpriteRenderer:
  m_ObjectHideFlags: 0
  m_PrefabParentObject: {fileID: 0}
  m_PrefabInternal: {fileID: 0}
  m_GameObject: {fileID: 1570858902}
  m_Enabled: 1
  m_CastShadows: 0
  m_ReceiveShadows: 0
  m_MotionVectors: 1
  m_LightProbeUsage: 0
  m_ReflectionProbeUsage: 0
  m_Materials:
  - {fileID: 10754, guid: 0000000000000000f000000000000000, type: 0}
  m_SubsetIndices: 
  m_StaticBatchRoot: {fileID: 0}
  m_ProbeAnchor: {fileID: 0}
  m_LightProbeVolumeOverride: {fileID: 0}
  m_ScaleInLightmap: 1
  m_PreserveUVs: 0
  m_IgnoreNormalsForChartDetection: 0
  m_ImportantGI: 0
  m_SelectedWireframeHidden: 1
  m_MinimumChartSize: 4
  m_AutoUVMaxDistance: 0.5
  m_AutoUVMaxAngle: 89
  m_LightmapParameters: {fileID: 0}
  m_SortingLayerID: 0
  m_SortingOrder: 0
  m_Sprite: {fileID: 21300002, guid: 583dd9f108529fc4fa8d998b3cdeb4cf, type: 3}
  m_Color: {r: 1, g: 1, b: 1, a: 1}
  m_FlipX: 0
  m_FlipY: 0
--- !u!4 &1570858904
Transform:
  m_ObjectHideFlags: 0
  m_PrefabParentObject: {fileID: 0}
  m_PrefabInternal: {fileID: 0}
  m_GameObject: {fileID: 1570858902}
  m_LocalRotation: {x: 0.7071068, y: 0, z: 0, w: 0.7071068}
  m_LocalPosition: {x: -2.25, y: -0.22, z: 1.23}
  m_LocalScale: {x: 0.5, y: 0.5, z: 1}
  m_LocalEulerAnglesHint: {x: 90, y: 0, z: 0}
  m_Children: []
  m_Father: {fileID: 0}
  m_RootOrder: 12
--- !u!1001 &1598352765
Prefab:
  m_ObjectHideFlags: 0
  serializedVersion: 2
  m_Modification:
    m_TransformParent: {fileID: 0}
    m_Modifications:
    - target: {fileID: 4000010500903338, guid: 93ca074429e4b2e41b7d382a08461d73, type: 2}
      propertyPath: m_LocalPosition.x
      value: 0.73
      objectReference: {fileID: 0}
    - target: {fileID: 4000010500903338, guid: 93ca074429e4b2e41b7d382a08461d73, type: 2}
      propertyPath: m_LocalPosition.y
      value: 0.61
      objectReference: {fileID: 0}
    - target: {fileID: 4000010500903338, guid: 93ca074429e4b2e41b7d382a08461d73, type: 2}
      propertyPath: m_LocalPosition.z
      value: 5.23
      objectReference: {fileID: 0}
    - target: {fileID: 4000010500903338, guid: 93ca074429e4b2e41b7d382a08461d73, type: 2}
      propertyPath: m_LocalRotation.x
      value: 0
      objectReference: {fileID: 0}
    - target: {fileID: 4000010500903338, guid: 93ca074429e4b2e41b7d382a08461d73, type: 2}
      propertyPath: m_LocalRotation.y
      value: 0
      objectReference: {fileID: 0}
    - target: {fileID: 4000010500903338, guid: 93ca074429e4b2e41b7d382a08461d73, type: 2}
      propertyPath: m_LocalRotation.z
      value: 0
      objectReference: {fileID: 0}
    - target: {fileID: 4000010500903338, guid: 93ca074429e4b2e41b7d382a08461d73, type: 2}
      propertyPath: m_LocalRotation.w
      value: 1
      objectReference: {fileID: 0}
    - target: {fileID: 4000010500903338, guid: 93ca074429e4b2e41b7d382a08461d73, type: 2}
      propertyPath: m_RootOrder
      value: 6
      objectReference: {fileID: 0}
    - target: {fileID: 1000012672325560, guid: 93ca074429e4b2e41b7d382a08461d73, type: 2}
      propertyPath: m_Name
      value: Crate (1)
      objectReference: {fileID: 0}
    m_RemovedComponents: []
  m_ParentPrefab: {fileID: 100100000, guid: 93ca074429e4b2e41b7d382a08461d73, type: 2}
  m_IsPrefabParent: 0
--- !u!1 &1649597073
GameObject:
  m_ObjectHideFlags: 0
  m_PrefabParentObject: {fileID: 0}
  m_PrefabInternal: {fileID: 0}
  serializedVersion: 4
  m_Component:
  - 4: {fileID: 1649597074}
  - 212: {fileID: 1649597075}
  m_Layer: 0
  m_Name: visualition
  m_TagString: Untagged
  m_Icon: {fileID: 0}
  m_NavMeshLayer: 0
  m_StaticEditorFlags: 4294967295
  m_IsActive: 1
--- !u!4 &1649597074
Transform:
  m_ObjectHideFlags: 0
  m_PrefabParentObject: {fileID: 0}
  m_PrefabInternal: {fileID: 0}
  m_GameObject: {fileID: 1649597073}
  m_LocalRotation: {x: 0.7071068, y: -0, z: -0, w: 0.7071068}
  m_LocalPosition: {x: 0.0007999992, y: 0, z: 0.09058615}
  m_LocalScale: {x: 0.059107564, y: 0.13123351, z: 7.388446}
  m_LocalEulerAnglesHint: {x: 90, y: 0, z: 0}
  m_Children: []
  m_Father: {fileID: 1315561638}
  m_RootOrder: 3
--- !u!212 &1649597075
SpriteRenderer:
  m_ObjectHideFlags: 0
  m_PrefabParentObject: {fileID: 0}
  m_PrefabInternal: {fileID: 0}
  m_GameObject: {fileID: 1649597073}
  m_Enabled: 1
  m_CastShadows: 0
  m_ReceiveShadows: 0
  m_MotionVectors: 1
  m_LightProbeUsage: 0
  m_ReflectionProbeUsage: 0
  m_Materials:
  - {fileID: 10754, guid: 0000000000000000f000000000000000, type: 0}
  m_SubsetIndices: 
  m_StaticBatchRoot: {fileID: 0}
  m_ProbeAnchor: {fileID: 0}
  m_LightProbeVolumeOverride: {fileID: 0}
  m_ScaleInLightmap: 1
  m_PreserveUVs: 0
  m_IgnoreNormalsForChartDetection: 0
  m_ImportantGI: 0
  m_SelectedWireframeHidden: 1
  m_MinimumChartSize: 4
  m_AutoUVMaxDistance: 0.5
  m_AutoUVMaxAngle: 89
  m_LightmapParameters: {fileID: 0}
  m_SortingLayerID: 0
  m_SortingOrder: -5
  m_Sprite: {fileID: 21300000, guid: d9f2463d7649f2240bcfe28c53c1ad90, type: 3}
  m_Color: {r: 1, g: 1, b: 1, a: 1}
  m_FlipX: 0
  m_FlipY: 0
--- !u!1001 &1688843787
Prefab:
  m_ObjectHideFlags: 0
  serializedVersion: 2
  m_Modification:
    m_TransformParent: {fileID: 0}
    m_Modifications:
    - target: {fileID: 4000010500903338, guid: 93ca074429e4b2e41b7d382a08461d73, type: 2}
      propertyPath: m_LocalPosition.x
      value: 0.73
      objectReference: {fileID: 0}
    - target: {fileID: 4000010500903338, guid: 93ca074429e4b2e41b7d382a08461d73, type: 2}
      propertyPath: m_LocalPosition.y
      value: 0.61
      objectReference: {fileID: 0}
    - target: {fileID: 4000010500903338, guid: 93ca074429e4b2e41b7d382a08461d73, type: 2}
      propertyPath: m_LocalPosition.z
      value: 4.32
      objectReference: {fileID: 0}
    - target: {fileID: 4000010500903338, guid: 93ca074429e4b2e41b7d382a08461d73, type: 2}
      propertyPath: m_LocalRotation.x
      value: 0
      objectReference: {fileID: 0}
    - target: {fileID: 4000010500903338, guid: 93ca074429e4b2e41b7d382a08461d73, type: 2}
      propertyPath: m_LocalRotation.y
      value: 0
      objectReference: {fileID: 0}
    - target: {fileID: 4000010500903338, guid: 93ca074429e4b2e41b7d382a08461d73, type: 2}
      propertyPath: m_LocalRotation.z
      value: 0
      objectReference: {fileID: 0}
    - target: {fileID: 4000010500903338, guid: 93ca074429e4b2e41b7d382a08461d73, type: 2}
      propertyPath: m_LocalRotation.w
      value: 1
      objectReference: {fileID: 0}
    - target: {fileID: 4000010500903338, guid: 93ca074429e4b2e41b7d382a08461d73, type: 2}
      propertyPath: m_RootOrder
      value: 7
      objectReference: {fileID: 0}
    - target: {fileID: 1000012672325560, guid: 93ca074429e4b2e41b7d382a08461d73, type: 2}
      propertyPath: m_Name
      value: Crate (2)
      objectReference: {fileID: 0}
    m_RemovedComponents: []
  m_ParentPrefab: {fileID: 100100000, guid: 93ca074429e4b2e41b7d382a08461d73, type: 2}
  m_IsPrefabParent: 0
--- !u!1001 &1729963316
Prefab:
  m_ObjectHideFlags: 0
  serializedVersion: 2
  m_Modification:
    m_TransformParent: {fileID: 0}
    m_Modifications:
    - target: {fileID: 4000010802664650, guid: d8c2283492bda50488a97ee841acb00a, type: 2}
      propertyPath: m_LocalPosition.x
      value: -4.36
      objectReference: {fileID: 0}
    - target: {fileID: 4000010802664650, guid: d8c2283492bda50488a97ee841acb00a, type: 2}
      propertyPath: m_LocalPosition.y
      value: 0.75
      objectReference: {fileID: 0}
    - target: {fileID: 4000010802664650, guid: d8c2283492bda50488a97ee841acb00a, type: 2}
      propertyPath: m_LocalPosition.z
      value: 6.14
      objectReference: {fileID: 0}
    - target: {fileID: 4000010802664650, guid: d8c2283492bda50488a97ee841acb00a, type: 2}
      propertyPath: m_LocalRotation.x
      value: -0
      objectReference: {fileID: 0}
    - target: {fileID: 4000010802664650, guid: d8c2283492bda50488a97ee841acb00a, type: 2}
      propertyPath: m_LocalRotation.y
      value: 0.9999894
      objectReference: {fileID: 0}
    - target: {fileID: 4000010802664650, guid: d8c2283492bda50488a97ee841acb00a, type: 2}
      propertyPath: m_LocalRotation.z
      value: -0
      objectReference: {fileID: 0}
    - target: {fileID: 4000010802664650, guid: d8c2283492bda50488a97ee841acb00a, type: 2}
      propertyPath: m_LocalRotation.w
      value: 0.0046192734
      objectReference: {fileID: 0}
    - target: {fileID: 4000010802664650, guid: d8c2283492bda50488a97ee841acb00a, type: 2}
      propertyPath: m_RootOrder
      value: 13
      objectReference: {fileID: 0}
    - target: {fileID: 1000010733978864, guid: d8c2283492bda50488a97ee841acb00a, type: 2}
      propertyPath: m_Name
      value: TheDoor (1)
      objectReference: {fileID: 0}
    - target: {fileID: 4000010802664650, guid: d8c2283492bda50488a97ee841acb00a, type: 2}
      propertyPath: m_LocalEulerAnglesHint.y
      value: 179.48601
      objectReference: {fileID: 0}
    - target: {fileID: 114000013541829820, guid: d8c2283492bda50488a97ee841acb00a,
        type: 2}
      propertyPath: nextSceneName
      value: TestNavMesh
      objectReference: {fileID: 0}
    m_RemovedComponents: []
  m_ParentPrefab: {fileID: 100100000, guid: d8c2283492bda50488a97ee841acb00a, type: 2}
  m_IsPrefabParent: 0
--- !u!1 &1736853550
GameObject:
  m_ObjectHideFlags: 0
  m_PrefabParentObject: {fileID: 0}
  m_PrefabInternal: {fileID: 0}
  serializedVersion: 4
  m_Component:
  - 4: {fileID: 1736853552}
  - 212: {fileID: 1736853551}
  m_Layer: 0
  m_Name: objekty_2
  m_TagString: Untagged
  m_Icon: {fileID: 0}
  m_NavMeshLayer: 0
  m_StaticEditorFlags: 0
  m_IsActive: 1
--- !u!212 &1736853551
SpriteRenderer:
  m_ObjectHideFlags: 0
  m_PrefabParentObject: {fileID: 0}
  m_PrefabInternal: {fileID: 0}
  m_GameObject: {fileID: 1736853550}
  m_Enabled: 1
  m_CastShadows: 0
  m_ReceiveShadows: 0
  m_MotionVectors: 1
  m_LightProbeUsage: 0
  m_ReflectionProbeUsage: 0
  m_Materials:
  - {fileID: 10754, guid: 0000000000000000f000000000000000, type: 0}
  m_SubsetIndices: 
  m_StaticBatchRoot: {fileID: 0}
  m_ProbeAnchor: {fileID: 0}
  m_LightProbeVolumeOverride: {fileID: 0}
  m_ScaleInLightmap: 1
  m_PreserveUVs: 0
  m_IgnoreNormalsForChartDetection: 0
  m_ImportantGI: 0
  m_SelectedWireframeHidden: 1
  m_MinimumChartSize: 4
  m_AutoUVMaxDistance: 0.5
  m_AutoUVMaxAngle: 89
  m_LightmapParameters: {fileID: 0}
  m_SortingLayerID: 0
  m_SortingOrder: 0
  m_Sprite: {fileID: 21300004, guid: 583dd9f108529fc4fa8d998b3cdeb4cf, type: 3}
  m_Color: {r: 1, g: 1, b: 1, a: 1}
  m_FlipX: 0
  m_FlipY: 0
--- !u!4 &1736853552
Transform:
  m_ObjectHideFlags: 0
  m_PrefabParentObject: {fileID: 0}
  m_PrefabInternal: {fileID: 0}
  m_GameObject: {fileID: 1736853550}
  m_LocalRotation: {x: 0.7071068, y: 0, z: 0, w: 0.7071068}
  m_LocalPosition: {x: -6.34, y: -1.21, z: 5.79}
  m_LocalScale: {x: 0.3, y: 0.3, z: 1}
  m_LocalEulerAnglesHint: {x: 90, y: 0, z: 0}
  m_Children: []
  m_Father: {fileID: 0}
  m_RootOrder: 11
--- !u!1001 &1825018281
Prefab:
  m_ObjectHideFlags: 0
  serializedVersion: 2
  m_Modification:
    m_TransformParent: {fileID: 0}
    m_Modifications:
    - target: {fileID: 4000010500903338, guid: 93ca074429e4b2e41b7d382a08461d73, type: 2}
      propertyPath: m_LocalPosition.x
      value: 0.73
      objectReference: {fileID: 0}
    - target: {fileID: 4000010500903338, guid: 93ca074429e4b2e41b7d382a08461d73, type: 2}
      propertyPath: m_LocalPosition.y
      value: 0.61
      objectReference: {fileID: 0}
    - target: {fileID: 4000010500903338, guid: 93ca074429e4b2e41b7d382a08461d73, type: 2}
      propertyPath: m_LocalPosition.z
      value: 2.53
      objectReference: {fileID: 0}
    - target: {fileID: 4000010500903338, guid: 93ca074429e4b2e41b7d382a08461d73, type: 2}
      propertyPath: m_LocalRotation.x
      value: 0
      objectReference: {fileID: 0}
    - target: {fileID: 4000010500903338, guid: 93ca074429e4b2e41b7d382a08461d73, type: 2}
      propertyPath: m_LocalRotation.y
      value: 0
      objectReference: {fileID: 0}
    - target: {fileID: 4000010500903338, guid: 93ca074429e4b2e41b7d382a08461d73, type: 2}
      propertyPath: m_LocalRotation.z
      value: 0
      objectReference: {fileID: 0}
    - target: {fileID: 4000010500903338, guid: 93ca074429e4b2e41b7d382a08461d73, type: 2}
      propertyPath: m_LocalRotation.w
      value: 1
      objectReference: {fileID: 0}
    - target: {fileID: 4000010500903338, guid: 93ca074429e4b2e41b7d382a08461d73, type: 2}
      propertyPath: m_RootOrder
      value: 9
      objectReference: {fileID: 0}
    - target: {fileID: 1000012672325560, guid: 93ca074429e4b2e41b7d382a08461d73, type: 2}
      propertyPath: m_Name
      value: Crate (4)
      objectReference: {fileID: 0}
    m_RemovedComponents: []
  m_ParentPrefab: {fileID: 100100000, guid: 93ca074429e4b2e41b7d382a08461d73, type: 2}
  m_IsPrefabParent: 0
--- !u!1 &1961713377
GameObject:
  m_ObjectHideFlags: 0
  m_PrefabParentObject: {fileID: 0}
  m_PrefabInternal: {fileID: 0}
  serializedVersion: 4
  m_Component:
  - 4: {fileID: 1961713378}
  - 65: {fileID: 1961713379}
  - 114: {fileID: 1961713380}
  m_Layer: 8
  m_Name: Wall (1)
  m_TagString: Untagged
  m_Icon: {fileID: 0}
  m_NavMeshLayer: 0
  m_StaticEditorFlags: 0
  m_IsActive: 1
--- !u!4 &1961713378
Transform:
  m_ObjectHideFlags: 0
  m_PrefabParentObject: {fileID: 0}
  m_PrefabInternal: {fileID: 0}
  m_GameObject: {fileID: 1961713377}
  m_LocalRotation: {x: -0, y: 0.7071068, z: -0, w: 0.7071068}
  m_LocalPosition: {x: -0.532, y: 21.6, z: 0.010657184}
  m_LocalScale: {x: 1.0381895, y: 43.93615, z: 0.06660779}
  m_LocalEulerAnglesHint: {x: 0, y: 90, z: 0}
  m_Children: []
  m_Father: {fileID: 1315561638}
  m_RootOrder: 0
--- !u!65 &1961713379
BoxCollider:
  m_ObjectHideFlags: 0
  m_PrefabParentObject: {fileID: 0}
  m_PrefabInternal: {fileID: 0}
  m_GameObject: {fileID: 1961713377}
  m_Material: {fileID: 0}
  m_IsTrigger: 0
  m_Enabled: 1
  serializedVersion: 2
  m_Size: {x: 1, y: 1, z: 1}
  m_Center: {x: 0, y: 0, z: 0}
--- !u!114 &1961713380
MonoBehaviour:
  m_ObjectHideFlags: 0
  m_PrefabParentObject: {fileID: 0}
  m_PrefabInternal: {fileID: 0}
  m_GameObject: {fileID: 1961713377}
  m_Enabled: 1
  m_EditorHideFlags: 0
  m_Script: {fileID: 11500000, guid: cc11bdcee442bfb45a427cde2f46a690, type: 3}
  m_Name: 
  m_EditorClassIdentifier: 
--- !u!1 &2011797607
GameObject:
  m_ObjectHideFlags: 0
  m_PrefabParentObject: {fileID: 0}
  m_PrefabInternal: {fileID: 0}
  serializedVersion: 4
  m_Component:
  - 4: {fileID: 2011797609}
  - 212: {fileID: 2011797608}
  m_Layer: 0
  m_Name: objekty_4
  m_TagString: Untagged
  m_Icon: {fileID: 0}
  m_NavMeshLayer: 0
  m_StaticEditorFlags: 0
  m_IsActive: 1
--- !u!212 &2011797608
SpriteRenderer:
  m_ObjectHideFlags: 0
  m_PrefabParentObject: {fileID: 0}
  m_PrefabInternal: {fileID: 0}
  m_GameObject: {fileID: 2011797607}
  m_Enabled: 1
  m_CastShadows: 0
  m_ReceiveShadows: 0
  m_MotionVectors: 1
  m_LightProbeUsage: 0
  m_ReflectionProbeUsage: 0
  m_Materials:
  - {fileID: 10754, guid: 0000000000000000f000000000000000, type: 0}
  m_SubsetIndices: 
  m_StaticBatchRoot: {fileID: 0}
  m_ProbeAnchor: {fileID: 0}
  m_LightProbeVolumeOverride: {fileID: 0}
  m_ScaleInLightmap: 1
  m_PreserveUVs: 0
  m_IgnoreNormalsForChartDetection: 0
  m_ImportantGI: 0
  m_SelectedWireframeHidden: 1
  m_MinimumChartSize: 4
  m_AutoUVMaxDistance: 0.5
  m_AutoUVMaxAngle: 89
  m_LightmapParameters: {fileID: 0}
  m_SortingLayerID: 0
  m_SortingOrder: 0
  m_Sprite: {fileID: 21300008, guid: 583dd9f108529fc4fa8d998b3cdeb4cf, type: 3}
  m_Color: {r: 1, g: 1, b: 1, a: 1}
  m_FlipX: 0
  m_FlipY: 0
--- !u!4 &2011797609
Transform:
  m_ObjectHideFlags: 0
  m_PrefabParentObject: {fileID: 0}
  m_PrefabInternal: {fileID: 0}
  m_GameObject: {fileID: 2011797607}
  m_LocalRotation: {x: 0.7071068, y: 0, z: 0, w: 0.7071068}
  m_LocalPosition: {x: 4.33, y: -0.52, z: 6.18}
  m_LocalScale: {x: 0.5, y: 0.5, z: 1}
  m_LocalEulerAnglesHint: {x: 90, y: 0, z: 0}
  m_Children: []
  m_Father: {fileID: 0}
  m_RootOrder: 10
